3259 5384
942 718 1103 769 cn.
1136 717 1321 782 xm„
1354 717 1565 770 vans.
1606 717 1823 769 1.--N.
1853 703 2109 789 778[a].
2479 705 2646 788 2163

384 883 553 950 ficet
610 886 817 970 quale
870 907 1103 952 eorum
1159 887 1270 970 qui
1325 906 1445 969 per
1496 887 1848 952 ratiocinia
1901 908 1991 952 ex
2039 887 2329 952 naturali
2373 887 2651 953 homine

384 979 809 1046 confirmant
844 983 1347 1064 separationem
1386 981 1540 1046 fidei
1576 1003 1617 1046 a
1656 982 1817 1058 vita,
1851 991 1924 1047 et
1962 983 2141 1067 quod
2181 982 2378 1065 quale
2415 1003 2648 1048 eorum

382 1074 474 1138 sit
520 1073 912 1140 falsificatio
951 1075 1183 1140 Verbi.
1272 1074 1476 1158 Quod
1520 1075 2000 1159 “blasphemia
2015 1076 2045 1102 ’'
2082 1076 2419 1160 significet
2466 1076 2648 1141 salsi·

383 1167 793 1234 ficationem
830 1167 1065 1245 Verbi,
1106 1179 1213 1234 est
1259 1171 1414 1252 quia
1458 1171 1527 1234 in
1573 1171 2015 1253 sequentibus
2052 1191 2173 1254 per
2213 1172 2392 1235 hanc
2433 1171 2650 1236 “bes-

383 1264 559 1328 tiam
580 1263 615 1290 ”
649 1263 1055 1329 describitur
1085 1264 1429 1349 quomodo
1460 1264 1555 1330 illi
1592 1265 1706 1348 qui
1737 1285 1857 1347 per
1892 1266 2316 1330 “draconem
2333 1266 2363 1291 ’'
2393 1265 2650 1330 intelli-

382 1367 677 1439 guntur,
701 1378 818 1442 per
835 1359 1189 1423 ratiocinia
1212 1379 1301 1422 ex
1325 1359 1615 1423 naturali
1638 1359 1934 1434 homine,
1959 1369 2358 1442 pervertunt
2376 1379 2650 1426 sensum

385 1452 676 1517 litterae
709 1449 942 1528 Verbi,
976 1463 1052 1517 ut
1082 1451 1636 1535 justificationem
1675 1463 1746 1518 et
1785 1453 2234 1519 salvationem
2274 1473 2395 1536 per
2431 1454 2650 1518 solam

386 1546 599 1612 fidem
641 1547 899 1630 absque
944 1547 1141 1612 bonis
1172 1549 1486 1630 operibus
1523 1547 1971 1626 confirment3
2030 1559 2100 1613 et
2147 1549 2276 1613 hoc
2323 1568 2463 1612 non
2508 1547 2650 1614 fieri

384 1653 631 1724 potest
696 1643 820 1706 nisi
884 1652 961 1706 ut
1021 1641 1377 1706 falsificent
1438 1642 1768 1718 Verbum,
1835 1643 2016 1725 quod
2077 1643 2146 1706 in
2205 1643 2520 1708 omnibus
2577 1652 2650 1709 et

384 1737 686 1818 singulis
722 1736 1073 1818 conjungit
1110 1757 1269 1800 vera
1305 1737 1503 1801 bonis
1542 1746 1612 1802 et
1659 1737 1842 1802 bona
1876 1739 2072 1812 veris,
2112 1737 2210 1801 ita
2245 1736 2448 1802 fidem
2487 1736 2648 1802 cha-

384 1827 587 1892 ritati
637 1837 713 1892 et
758 1827 1169 1892 charitatem
1215 1828 1395 1904 fidei,
1442 1838 1518 1893 ut
1562 1849 1768 1911 supra
1814 1845 1882 1904 (n.
1906 1843 2057 1911 775)
2097 1839 2455 1892 ostensum
2501 1840 2650 1908 est3

388 1921 551 1984 inde
592 1929 707 1984 est
744 1921 925 2002 quod
962 1918 1466 1984 falsificationes
1504 1919 1716 1986 Verbi
1755 1920 2221 2003 significentur
2257 1941 2375 2002 per
2410 1921 2650 1986 “blas-

387 2013 803 2096 phemiam,.”
848 2033 1019 2097 quae
1066 2014 1310 2078 dicitur
1353 2035 1601 2078 nomen
1650 2035 1799 2078 esse
1852 2013 2045 2096 hujus
2089 2015 2370 2080 bestiae.
2459 2011 2652 2097 Quo-

386 2107 607 2172 modo
634 2117 866 2171 autem
898 2108 1413 2189 blasphematur
1438 2107 1743 2173 Verbum
1777 2129 1896 2190 per
1919 2107 2461 2173 falsificationem
2486 2108 2648 2190 ejus,

386 2201 848 2266 illustrabitur
892 2222 1014 2284 per
1058 2203 1187 2266 hoc
1234 2203 1631 2286 exemplum
1660 2203 1876 2266 :—111i
1923 2204 2033 2286 qui
2080 2213 2401 2286 separant
2447 2201 2650 2267 fidem

388 2317 429 2359 a
465 2297 678 2360 bonis
715 2296 1050 2379 operibuS,
1090 2297 1347 2372 dicunt,

496 2447 692 2522 Quod
714 2447 879 2503 Deus
901 2447 1081 2504 Pater
1094 2449 1435 2512 removerit,
1454 2449 1640 2504 immo
1657 2449 1930 2520 rejecerit
1947 2466 1986 2505 a
2006 2448 2099 2514 Se,
2117 2449 2446 2506 humanum
2461 2465 2654 2521 genus

390 2531 655 2590 propter
680 2520 861 2582 mala;
898 2530 961 2574 et
986 2520 1149 2591 quod
1190 2519 1326 2575 ideo
1356 2519 1542 2576 Filius
1572 2519 1766 2590 Ipsius
1792 2521 2008 2576 missus
2035 2522 2131 2583 sit,
2158 2531 2263 2576 aut
2291 2519 2426 2592 Ipse
2451 2531 2654 2576 motus

390 2590 813 2645 misericordia
840 2590 899 2643 in
926 2591 1217 2644 mundum
1244 2591 1506 2654 venerit:
1552 2601 1614 2646 et
1641 2591 1804 2662 quod
1835 2589 1970 2661 Ipse
2009 2607 2112 2662 per
2133 2591 2380 2646 ultimae
2407 2591 2652 2646 damna-

393 2660 589 2716 tionis
616 2677 893 2744 poenam‚
920 2677 1073 2731 quae
1110 2660 1225 2715 fuit
1262 2661 1461 2732 passio
1484 2663 1694 2721 crucis.
1722 2677 1793 2716 ac
1830 2661 1912 2716 ibi
2028 2679 2056 2715 r
2080 2661 2432 2733 sanguinem
2459 2677 2651 2725 suum,

389 2742 455 2786 et
490 2732 643 2786 dem
688 2747 763 2786 ue
799 2747 905 2802 per
942 2741 1213 2796 mortem,
1242 2731 1716 2788 reconciliaverit.
1755 2731 1918 2788 Patri
2000 2749 2285 2786 umanum
2321 2747 2529 2804 genus„
2566 2733 2654 2788 sic

396 2747 837 2857 intercedendo
862 2818 973 2873 pro
1001 2802 1119 2858 illo.

392 2967 559 3031 Hoc
608 2967 763 3050 quia
803 2977 910 3030 est
947 2967 1123 3031 inter
1160 2967 1473 3049 primaria
1509 2965 1857 3031 doctrinae
1896 2964 2163 3030 illorum
2209 2967 2321 3049 qui
2368 2964 2571 3030 fidem
2609 2985 2652 3030 a

392 3084 519 3126 sua
567 3063 731 3138 vita,
780 3083 951 3144 quae
998 3071 1103 3126 est
1151 3061 1465 3136 charitaS,
1515 3070 1856 3143 separant,
1903 3060 2108 3125 velim
2155 3061 2384 3143 paucis
2428 3060 2654 3126 dicere

392 3155 749 3239 quomodo
816 3155 1133 3218 Divinum
1194 3175 1312 3238 per
1373 3155 1438 3218 id
1504 3155 2035 3237 blasphematur.
2127 3153 2652 3238 Blasphematur

392 3271 520 3332 per
558 3249 653 3324 id,
687 3248 867 3333 quod
907 3249 1189 3312 credant
1222 3260 1293 3313 et
1332 3249 1643 3331 cogitent
1683 3249 1863 3332 quod
1903 3249 2221 3312 Divinum
2254 3270 2294 3313 a
2325 3270 2396 3312 se
2430 3268 2652 3313 remo-

393 3346 578 3409 verit
626 3355 741 3408 aut
786 3343 1094 3426 rejecerit
1138 3343 1510 3407 humanum
1556 3363 1794 3426 genus,
1836 3363 1989 3408 cum
2035 3354 2267 3407 tamen
2317 3343 2503 3406 Deus
2547 3355 2654 3408 est

394 3441 549 3522 ipse
575 3437 817 3513 Amor,
846 3439 989 3521 ipsa
1014 3437 1497 3515 Misericordia,
1526 3449 1598 3502 et
1630 3439 1850 3520 ipsum
1885 3437 2170 3514 Bonum,
2200 3447 2269 3501 et
2301 3438 2468 3501 haec
2495 3447 2656 3500 sunt

398 3533 583 3596 Esse
640 3533 898 3614 Ipsius;
946 3532 1333 3615 exquibus
1386 3541 1580 3614 patet
1642 3531 1822 3614 quod
1886 3532 2036 3595 Deo
2094 3531 2508 3613 impossibile
2565 3531 2655 3594 sit

397 3646 757 3692 removere
789 3635 906 3690 aut
930 3626 1203 3708 rejicere
1235 3626 1527 3709 aliquem
1560 3648 1650 3690 ex
1685 3628 1980 3690 humano
2012 3646 2283 3708 genere,
2311 3626 2441 3689 hoc
2475 3625 2656 3689 enim

399 3721 582 3785 soret
629 3741 832 3802 agere
879 3732 1121 3784 contra
1165 3720 1338 3784 Esse
1384 3741 1598 3796 suum,
1639 3721 1841 3804 quod,
1883 3731 1955 3784 ut
2002 3718 2257 3784 dictum
2295 3729 2422 3796 est,
2463 3728 2569 3783 est
2614 3740 2657 3783 a

400 3836 542 3898 quo
580 3816 802 3878 omnis
840 3834 1051 3890 amor,
1092 3817 1312 3878 omnis
1350 3816 1806 3879 misericordia
1841 3825 1912 3878 et
1951 3834 2152 3878 omne
2198 3815 2451 3878 bonum
2499 3833 2656 3895 pro·

398 3911 589 3973 fluit:
640 3909 769 3971 hoc
809 3928 890 3972 ne
928 3909 1201 3992 quidem
1240 3909 1458 3972 facere
1497 3919 1728 3991 potest
1768 3909 1942 3972 ullus
1980 3908 2286 3990 angeluS,
2326 3917 2442 3971 aut
2481 3907 2656 3971 ullus

398 4005 639 4079 homo,
679 4003 790 4084 qui
828 4003 893 4066 in
932 4023 1183 4080 amore,
1225 4005 1288 4066 in
1331 4003 1810 4080 misericordia,
1851 4013 1922 4066 et
1958 4004 2027 4067 in
2065 4003 2247 4066 bono
2281 4023 2322 4066 a
2359 4003 2656 4067 Domino

400 4107 553 4176 est;
600 4117 757 4160 cum
796 4109 1025 4162 tamen
1067 4098 1305 4162 horum
1344 4117 1535 4162 amor
1571 4108 1678 4162 est
1713 4097 1965 4174 finituS,
2007 4107 2077 4161 et
2116 4097 2398 4160 Divinus
2436 4096 2658 4161 Amor

402 4192 727 4257 infinitus.
818 4193 1301 4257 Remotionem
1347 4203 1464 4256 aut
1509 4189 1946 4274 rejectionem
1990 4190 2269 4256 humani
2307 4194 2576 4274 generis
2613 4213 2653 4256 a

404 4288 561 4351 Deo
586 4287 810 4362 Patre,
839 4298 1089 4351 vocant
1107 4287 1438 4368 justitiam
1462 4287 1945 4351 vindicativam
1973 4307 1991 4366 ;
2025 4287 2108 4350 de
2136 4308 2266 4370 qua
2293 4306 2425 4350 non
2453 4287 2655 4350 aliam

401 4382 641 4447 fovent
695 4380 941 4456 ideam,
988 4401 1190 4464 quam
1245 4383 1417 4446 sicut
1472 4381 1559 4445 de
1611 4401 1772 4463 rege
1826 4391 1942 4445 aut
1989 4379 2212 4463 judice
2267 4381 2657 4444 vindicante

404 4476 661 4540 malum
694 4476 821 4538 sibi
856 4474 1161 4554 illatum;
1209 4484 1708 4559 consequenter
1741 4476 1914 4540 sicut
1951 4475 2036 4538 de
2070 4494 2299 4538 eorum
2330 4470 2650 4550 vindicta,

403 4572 477 4633 in
514 4589 647 4653 qua
692 4588 829 4633 non
868 4579 1101 4651 potest
1146 4589 1283 4632 non
1330 4589 1479 4633 esse
1524 4568 1778 4652 aliquid
1822 4570 1979 4632 irae.
2069 4567 2185 4632 Ad
2230 4569 2360 4632 hoc
2409 4565 2655 4630 confir·

407 4664 731 4729 mandum
757 4663 1103 4728 adducunt
1129 4664 1281 4728 loca
1306 4685 1341 4728 e
1360 4663 1614 4740 Verb0,
1640 4664 1750 4729 ubi
1776 4664 1962 4728 Deus
1987 4662 2233 4728 dicitur
2253 4667 2292 4696 “
2313 4659 2656 4738 Vindex,”
