3259 5384
656 709 742 774 24
749 693 830 776 56
1280 705 1780 758 APOCALYPSIS
1826 706 2275 759 EmecATA.

653 876 766 940 hic
805 877 1015 940 etiam
1054 896 1173 958 per
1213 879 1253 908 ‘⁸
1276 885 1548 958 tempus
1587 876 1828 940 messis
1843 876 1875 903 ”
1905 876 2317 960 intelligitur
2352 875 2632 942 ultimus
2670 886 2897 942 status

605 979 614 992 “
654 969 1005 1045 ecclesiae,
1046 969 1322 1052 quando
1359 969 1651 1052 amplius
1696 991 1836 1034 non
1882 971 2160 1054 aliquod
2208 972 2463 1036 bonum
2488 983 2582 1036 ‘et
2620 991 2897 1049 verum;

656 1065 1049 1128 devastatio
1095 1062 1238 1145 ejus
1283 1065 1691 1128 describitur
1736 1086 1856 1147 per
1904 1065 2370 1130 “exscindere
2416 1068 2897 1140 seminantem,

657 1167 732 1222 et
759 1158 1308 1240 prehendentem
1334 1157 1580 1222 falcem
1611 1160 1679 1223 in
1714 1169 2025 1242 tempore
2058 1159 2361 1234 messis,”
2384 1169 2531 1224 tum
2565 1180 2685 1242 per
2720 1161 2899 1224 “tri-

659 1254 1077 1318 tutationem
1129 1254 1307 1317 sicut
1358 1255 1426 1317 in
1479 1271 1640 1318 area
1664 1254 1716 1332 ;”
1752 1273 1897 1338 -per
1945 1253 2380 1318 “Babelem”
2426 1254 2903 1336 intelliguntur

657 1349 770 1431 qui
807 1367 930 1430 per
961 1345 1202 1412 sandta
1240 1347 1574 1412 ecclesiae
1609 1349 1983 1412 dominium
2022 1359 2377 1432 quaerunt.
2466 1348 2678 1431 Apud
2718 1347 2899 1412 Esa-

657 1463 814 1516 tam,

756 1574 1026 1626 “Deflebo
1087 1589 1344 1633 teserem,
1369 1577 1533 1625 vitem
1563 1575 1794 1635 Sibmae,
1820 1577 2006 1640 rigabo
2034 1585 2087 1626 te
2114 1575 2412 1640 lachryme.
2433 1614 2469 1636 .,
2500 1575 2825 1629 Cheschbon
2853 1586 2905 1627 et

921 1641 1051 1692 Elea
1073 1657 1117 1698 e,
1143 1643 1270 1705 quia
1292 1655 1454 1704 super
1477 1642 1750 1692 vindemia
1773 1651 1865 1691 tua
1886 1651 1951 1691 et-
1968 1655 2130 1705 super
2153 1655 2331 1692 messe
2354 1651 2447 1692 tua
2468 1643 2645 1692 hedad
2667 1643 2861 1693 cecidit
2877 1641 2907 1664 '⁹

921 1707 1046 1767 (xvi.
1072 1709 1123 1769 9)
1141 1721 1154 1765 ;

658 1836 870 1901 etiam
909 1857 1028 1918 per
1064 1841 1104 1870 “
1127 1855 1421 1900 messem
1441 1835 1473 1862 '’
1503 1836 1614 1900 hic
1654 1836 2075 1918 significatur
2106 1837 2388 1902 ultimus
2419 1847 2646 1903 status
2682 1837 2901 1902 eccle-

657 1933 820 2006 siae,
875 1950 1034 1994 nam
1088 1951 1208 2012 per
1265 1931 1601 1995 “hedad”
1654 1930 2077 2013 significatur
2136 1931 2309 2007 finis»,
2366 1933 2642 2015 quando
2704 1953 2903 2015 super

659 2023 937 2108 perdta
997 2027 1340 2089 vindemia
1398 2036 1473 2089 et
1533 2024 1829 2090 collecta
1890 2035 2113 2090 messe
2174 2027 2492 2092 solebant
2558 2048 2767 2091 ovare
2831 2036 2901 2090 et

661 2120 1006 2184 celeusma
1059 2121 1301 2197 edere3
1363 2119 1472 2182 hic
1535 2119 1918 2194 lamentari,
1975 2123 2131 2203 quia
2182 2121 2450 2196 dicitur,
2512 2121 2824 2185 “cecidit
2852 2119 2905 2183 :⁹⁹

664 2233 785 2296 per
826 2213 1247 2296 “Jaeserem,
1289 2215 1503 2278 vitem
1549 2211 1885 2288 Sibmae,'’
1920 2235 2000 2278 ac
2049 2236 2170 2298 per
2208 2215 2797 2280 “Cheschbonem
2834 2219 2904 2280 et

667 2307 1040 2383 Elealem,”
1078 2317 1410 2372 externae
1448 2307 1782 2372 ecclesiae
1820 2308 2153 2384 homineS,
2195 2311 2307 2393 qui
2339 2309 2646 2373 Verbum
2685 2309 2903 2392 expli-

668 2413 832 2466 cant
880 2403 965 2466 ad
1002 2403 1305 2466 favorem
1345 2422 1652 2466 amorum
1695 2402 1967 2481 mundi3
2025 2422 2183 2466 nam
2230 2403 2347 2467 illa
2393 2403 2547 2466 loca
2592 2415 2791 2468 erant
2839 2405 2904 2467 in

662 2497 1123 2560 hereditatem
1172 2499 1338 2560 data
1387 2497 1791 2561 Reubenitis
1838 2507 1909 2562 et
1954 2494 2301 2571 ¹³¹Gaditis,
2344 2519 2461 2580 per
2504 2519 2701 2582 quOS,
2750 2500 2903 2582 quia

666 2601 868 2656 extra
903 2593 1270 2673 Jordanern
1306 2591 1738 2678 habitabant,
1773 2593 2420 2676 repraesentabatur
2450 2593 2747 2656 ecclesia
2782 2615 2903 2656 ex-

665 2697 904 2764 terna;
965 2687 1178 2749 “vitis
1226 2685 1549 2749 Sibmae”
1589 2685 1929 2768 significat
1975 2686 2338 2751 ecclesiam
2386 2686 2701 2750 illorum:
2759 2689 2905 2750 exi-’

665 2782 835 2844 tium
875 2801 1128 2855 eorum,
1169 2781 1443 2863 quando
1483 2781 1817 2845 Dominus
1854 2791 2182 2844 venturus
2229 2792 2300 2845 et
2331 2781 2657 2863 judicium
2696 2779 2905 2847 saftuss

665 2897 778 2940 rus
817 2885 946 2952 est,
987 2877 1197 2939 etiam
1236 2877 1303 2938 in
1342 2896 1426 2938 eo
1463 2876 1690 2958 capite
1730 2876 2150 2939 describitur.
2242 2875 2451 2959 Apud
2490 2876 2882 2950 Jeremiam,

766 3011 796 3034 ‘⁸
812 3008 1092 3059 Praeteriit
1111 3009 1318 3068 messis,
1340 3019 1690 3072 consumptus
1710 3019 1795 3059 est
1816 3018 2122 3068 autumnusx,
2142 3019 2195 3059 et
2220 3026 2323 3060 nos
2348 3025 2455 3060 non
2474 3011 2675 3060 servati
2694 3023 2907 3067 sumus:

927 3089 1090 3138 super
1109 3073 1482 3128 confi-aetione
1507 3075 1647 3124 tiliae
1669 3089 1823 3124 meae
1844 3073 2151 3126 confractus
2174 3089 2296 3126 sum
2312 3075 2341 3096 ”
2362 3077 2491 3138 (viii.
2518 3078 2631 3137 ao):

665 3228 788 3292 per
822 3212 1174 3271 “messem
1191 3207 1221 3232 ''
1254 3207 1464 3271 etiam
1501 3205 2073 3289 hic-significatur
2104 3207 2383 3271 ultimus
2420 3217 2649 3271 status
2687 3206 2906 3271 eccle-

667 3305 853 3379 siae;
908 3312 980 3365 et
1023 3322 1143 3384 per
1177 3299 1637 3366 “Confradtus
1674 3321 1824 3365 sum
1863 3321 2064 3383 super
2100 3299 2623 3375 confraGtione,”
2654 3299 2907 3383 signifi-

667 3406 863 3461 catur·
882 3396 1078 3460 dolor
1099 3397 1278 3479 quod
1305 3415 1446 3459 non
1464 3396 1719 3460 bonum
1738 3405 1813 3460 et
1832 3415 2067 3460 verum
2088 3395 2377 3478 amplius
2398 3416 2415 3458 τ
2450 3415 2571 3478 per
2595 3400 2636 3428 ‘⁸
2656 3395 2862 3458 filiam
2879 3395 2907 3465 ”z

667 3491 1091 3573 significatur
1144 3489 1412 3555 affectio
1464 3492 1626 3564 veri,
1683 3501 1755 3555 et
1815 3490 1975 3554 inde
2034 3489 2346 3566 ecclesia,
2382 3503 2584 3554 nam·
2621 3490 2747 3554 illa
2802 3500 2906 3554 est

668 3585 1020 3660 ecclesiae,
1061 3597 1131 3650 et
1171 3605 1262 3648 ex
1301 3585 1418 3648 illa
1455 3594 1562 3649 est
1595 3584 1911 3650 ecclesia.
2003 3585 2212 3668 Apud
2250 3583 2559 3660 Esaiam,

768 3721 798 3743 “
813 3717 943 3777 Fiet,
965 3732 1084 3768 cum
1103 3719 1372 3782 colligitur
1389 3718 1598 3776 messis,
1620 3733 1777 3781 seges
1796 3727 1961 3777 stans,
1984 3729 2039 3768 et
2060 3719 2335 3768 brachium
2355 3717 2473 3781 ejus
2494 3718 2692 3768 aristas
2718 3728 2909 3775 metet:

939 3823 952 3836 .
973 3823 984 3834 .
1007 3823 1018 3834 .
1037 3794 1116 3836 ,et
1139 3785 1505 3848 relinquentur
1535 3785 1590 3832 in
1621 3799 1687 3834 eo
1716 3785 2122 3842 racemationes,
2146 3785 2283 3834 sicut
2310 3786 2365 3833 in
2392 3785 2716 3834 decussione
2744 3785 2907 3841 oleae,

932 3861 1040 3900 tres
1072 3851 1265 3899 baccae
1301 3850 1356 3898 in
1384 3850 1560 3912 capite
1588 3850 1741 3908 rami,
1772 3859 1999 3912 quatuor
2026 3851 2259 3914 quinque
2288 3849 2342 3898 in
2380 3850 2542 3898 ramis
2570 3847 2906 3899 fructiferae:

941 3953 954 3966 .
976 3953 988 3965 .
1009 3953 1020 3965 .
1041 3915 1120 3965 .in
1165 3916 1252 3964 die
1288 3915 1525 3978 plantam
1562 3924 1710 3963 tuam
1746 3929 1985 3964 crescere
2020 3915 2203 3973 iacies,
2238 3925 2292 3964 et
2334 3929 2491 3963 mane
2531 3928 2721 3964 semen
2766 3926 2908 3964 tuum

931 3981 1280 4108 effl?,‘{⁵⁰⁴.².¹’⁰’
1310 3994 1534 4108 αέα-νςιε
1565 3981 1760 4030 messis
1788 3981 1844 4030 in
1872 3981 1958 4030 die
1986 3980 2365 4044 possessionis,
2394 3991 2450 4030 et
2480 3980 2638 4030 dolor
2666 3981 2911 4044 despera·

931 4057 1018 4096 tus
1106 4061 1231 4096 xvu.
1259 4059 1302 4106 5,
1362 4085 1375 4106 ,
1405 4058 1460 4094 11
1501 4062 1512 4095 z

669 4179 896 4261 agitur
949 4179 1016 4241 in
1072 4199 1154 4242 eo
1209 4178 1435 4260 capite
1489 4178 1574 4242 de
1629 4176 2137 4259 cognitionibus
2190 4177 2331 4240 veri
2391 4186 2464 4241 et
2523 4177 2686 4240 boni
2741 4196 2907 4260 quae

671 4273 1024 4346 ecclesiae,
1053 4273 1236 4355 quod
1261 4271 1660 4355 deperditae
1685 4272 1820 4335 sint
1851 4292 1868 4350 ;
1911 4271 2071 4335 illae
2102 4272 2193 4335 ibi
2226 4292 2343 4354 per
2372 4276 2412 4304 ‘⁶
2439 4269 2907 4344 Damascum,”

673 4367 758 4431 de
796 4387 928 4450 qua
975 4368 1041 4429 in
1083 4387 1165 4430 eo
1204 4369 1428 4449 capite
1466 4368 1714 4448 agitur,
1752 4375 1824 4429 et
1872 4387 1990 4449 per
2032 4363 2487 4442 “Aroerem,”
2523 4365 2903 4448 significan-

671 4473 824 4539 tur;
887 4463 1068 4544 quod
1124 4461 1523 4544 deperditae
1576 4461 1736 4536 sint,
1787 4459 2193 4524 describitur
2248 4481 2367 4543 per
2413 4460 2596 4544 quod
2649 4457 2904 4524 “relin-

670 4559 967 4640 quentur
997 4559 1064 4620 in
1099 4577 1182 4620 eo
1214 4557 1736 4630 racemationeS,
1770 4556 1946 4620 sicut
1984 4556 2052 4622 in
2086 4556 2488 4618 decussione
2520 4554 2739 4630 oleae,
2774 4563 2903 4620 tres

671 4653 926 4718 baccae
972 4653 1038 4715 in
1088 4654 1314 4734 capite
1362 4651 1553 4728 rami,
1593 4660 1886 4734 quatuor
1930 4650 2224 4734 quinque
2270 4651 2338 4712 in
2384 4645 2643 4714 ¹⁸¹ramis
2679 4647 2896 4714 fructi·
