3259 5384
965 651 1124 702 CAP.
1159 651 1310 712 ΧΗ..
1345 593 1552 700 nvinis.
1585 650 1809 716 4.—N.
1843 635 2083 719 721[c].
2484 634 2638 716 1985

411 837 528 900 per
561 817 942 900 “populum
974 819 1361 882 venientem
1401 841 1436 882 e
1477 829 1657 881 terra
1689 816 2173 906 septentrionis
2188 815 2218 841 ’⁹
2250 815 2643 897 intelligun-

413 923 520 977 tur
555 913 650 977 illi
689 915 800 996 qui
836 915 903 976 in
942 913 1124 977 falsis
1161 914 1320 976 mal-i
1359 925 1537 988 sunt,
1579 925 1652 976 et
1690 910 2031 976 abstracte
2068 911 2240 975 falsa
2276 910 2436 974 mali
2470 929 2643 992 quae

407 1007 474 1072 in
527 1006 816 1071 ecclesia
869 1017 1032 1071 tunc
1089 1017 1394 1070 vastata:
1462 1007 1643 1089 quod
1700 1017 1863 1070 tunc
1908 1027 2071 1070 vera
2122 1004 2253 1068 fide
2299 1014 2368 1069 et
2416 1024 2644 1067 amore

408 1102 778 1182 aegerrime
811 1103 1236 1184 recipiantur,
1273 1101 1706 1164 obstantibus
1736 1100 1918 1164 falsis
1950 1099 2129 1174 mali,
2164 1109 2236 1162 et
2268 1098 2449 1181 quod
2486 1097 2642 1159 inde

407 1195 742 1258 cruciatus
793 1205 866 1258 et
917 1194 1116 1258 dolor
1167 1195 1370 1258 animi
1425 1205 1493 1257 et
1550 1194 1793 1270 cordiS,
1840 1192 2257 1276 significatur
2302 1210 2420 1273 per
2462 1191 2642 1274 quod

410 1289 785 1352 “remissae
850 1290 987 1352 sint
1053 1307 1311 1363 manuS,
1374 1289 1692 1370 angustia
1756 1287 2157 1370 prehendat,
2218 1285 2419 1354 dolor.
2471 1287 2644 1348 sicut

405 1381 924 1463 parturientis:”
967 1383 1150 1465 quod
1189 1393 1349 1446 tunc
1400 1402 1535 1446 non
1581 1381 1999 1446 consulenda
2043 1381 2177 1443 sint
2216 1400 2385 1463 quae
2422 1378 2642 1442 eccle-

404 1477 540 1538 siae
598 1486 671 1539 et
730 1497 902 1559 quae
962 1474 1310 1540 doRrinae
1371 1475 1510 1558 ejus
1569 1485 1751 1552 sunt,
1809 1476 1895 1539 ad
1950 1473 2441 1538 consulendum
2496 1471 2640 1544 sibi,

404 1569 822 1651 significatur
856 1591 976 1653 per
1009 1571 1173 1633 “Ne
1211 1571 1398 1634 exite
1437 1573 1504 1632 in
1543 1590 1805 1652 agrum,
1838 1579 1910 1634 et
1946 1570 2014 1632 in
2046 1570 2225 1633 viam
2263 1588 2346 1630 ne
2386 1567 2565 1630 abite
2592 1567 2646 1644 ;”

409 1661 676 1744 “ager’'
726 1674 834 1727 est
891 1663 1200 1739 ecclesia,
1258 1674 1329 1728 et
1389 1664 1597 1728 “via’'
1652 1675 1760 1728 est
1822 1661 2165 1728 doeh-ina:
2231 1682 2433 1725 causa
2491 1663 2645 1744 quia

404 1755 646 1820 salsum
682 1757 770 1820 ab
804 1757 1063 1821 inferno
1100 1759 1379 1834 invadit,
1421 1779 1508 1820 ex
1549 1779 1685 1840 quo
1728 1756 2117 1821 falsificatur
2153 1765 2223 1819 et
2262 1757 2642 1836 exstingui·

405 1859 515 1913 tur
569 1869 826 1926 verum,
887 1850 1304 1932 significatur
1355 1872 1476 1933 per
1529 1850 1713 1934 quod
1777 1849 2107 1932 “gladius
2165 1849 2369 1922 hosti,
2428 1855 2645 1911 terror

406 1944 924 2026 circumquaque
951 1943 1005 2022 3⁹⁹
1073 1945 1441 2026 “gladius'’
1500 1955 1605 2008 est
1671 1944 1913 2008 salsum
1971 1944 2328 2007 destruens
2386 1961 2639 2014 verum,

409 2036 730 2100 “hostis’'
755 2049 858 2101 est
891 2039 1242 2113 infernum,
1269 2050 1340 2102 et
1371 2046 1645 2102 “terror
1662 2038 1693 2064 ''
1723 2048 1831 2101 est
1862 2057 2043 2101 mors
2076 2035 2456 2118 spiritualis
2529 2034 2641 2098 Ex

406 2128 509 2192 his
531 2141 852 2194 constare
883 2141 1115 2214 potest
1150 2134 1309 2214 quid
1341 2133 1745 2213 intelligitur
1776 2151 1893 2213 per
1925 2132 2198 2194 Domini
2228 2128 2434 2193 verba
2466 2129 2643 2210 apud

407 2223 847 2301 Matthaeum,

503 2367 702 2418 “Tunc
726 2369 816 2431 qui
845 2383 1006 2431 super
1032 2367 1195 2418 domo
1225 2381 1324 2428 est,
1351 2385 1419 2418 ne
1447 2369 1741 2418 descendat
1767 2369 1836 2418 ad
1864 2368 2159 2418 tollendum
2188 2367 2313 2431 quid
2342 2382 2371 2416 e
2399 2367 2585 2416 domo,
2606 2403 2643 2424 .,

665 2444 720 2483 et
743 2435 832 2496 qui
857 2433 910 2484 in
935 2449 1068 2496 agro
1093 2449 1160 2483 ne
1185 2446 1482 2484 revertatur
1507 2447 1677 2484 retro,
1697 2472 1709 2484 .
1731 2472 1743 2483 .
1762 2451 1803 2484 ,ε
1841 2449 1941 2483 vae
1970 2433 2024 2482 in
2054 2444 2207 2483 utero
2230 2433 2564 2496 gestantibus
2589 2443 2643 2481 et

667 2497 987 2548 laetantibus
1013 2500 1066 2548 in
1085 2501 1274 2548 diebus
1295 2500 1401 2549 illis
1422 2514 1434 2557 ;
1446 2537 1590 2550 .....
1601 2500 1703 2549 erit
1721 2510 1849 2548 tunc
1864 2497 2084 2550 afflicftio
2103 2513 2315 2561 magna,
2336 2498 2507 2562 qualis
2532 2511 2641 2545 non

668 2564 768 2613 fuit
789 2566 858 2613 ab
881 2565 1037 2614 initio
1062 2566 1246 2614 mundi
1271 2579 1438 2628 usque
1466 2563 1606 2616 minc
1623 2564 1653 2584 ”
1682 2565 1845 2626 (xxiv.
1874 2576 2047 2627 17—19,
2074 2565 2185 2625 21):

407 2707 576 2770 haec
607 2725 877 2790 quoque
908 2703 1090 2770 dic'ta
1125 2717 1282 2769 sunt
1321 2706 1406 2770 de
1445 2717 1632 2770 statu
1663 2705 1993 2770 ecclesiae
2025 2706 2202 2768 circa
2238 2704 2438 2768 finem
2478 2703 2638 2785 ejuS,

404 2800 679 2884 quando
714 2799 881 2863 falsa
913 2801 1070 2863 mali
1108 2811 1178 2863 et
1218 2800 1395 2863 mala
1429 2800 1574 2863 falsi
1613 2809 1927 2881 regnant,
1963 2809 2033 2863 et
2063 2819 2224 2862 vera
2255 2798 2465 2861 Verbi
2505 2819 2641 2861 non

405 2892 816 2974 recipiuntur
858 2894 984 2957 nisi
1040 2892 1392 2957 falsificata
1444 2905 1513 2957 et
1569 2894 1992 2971 adulterata;
2054 2893 2183 2956 hoc
2243 2891 2643 2974 intelligitur

405 3005 526 3067 per
575 2991 616 3018 ⁴‘
637 2985 784 3050 Vae
841 2987 908 3050 in
965 2997 1160 3050 utero
1211 2987 1640 3069 gestantibus
1693 2997 1763 3050 et
1818 2984 2228 3050 laetantibus
2286 2988 2353 3049 in
2406 2987 2641 3050 diebus

405 3076 602 3152 illis,”
637 3088 712 3141 et
747 3098 1018 3161 quoque
1063 3099 1183 3160 per
1224 3077 1720 3142 “afflictionem
1766 3078 2154 3160 magnam.’'
2237 3095 2357 3154 (Sed
2383 3096 2503 3169 hafn
2530 3109 2641 3140 cum

405 3172 600 3230 reliquis
625 3173 752 3218 iuius
778 3174 946 3232 eapitis
973 3175 1224 3220 videantur
1248 3175 1298 3218 in
1324 3175 1538 3220 Ananis
1571 3174 1850 3220 Caelestibus
1876 3175 2045 3220 ordine
2070 3174 2344 3234 explicata.)
2428 3158 2640 3240 Apud

405 3247 798 3326 Jeremiam,

504 3390 886 3456 “Interrogate
921 3401 974 3443 et
1007 3394 1198 3451 videte,
1230 3408 1357 3443 num
1389 3393 1602 3456 pariens
1631 3407 1781 3452 mas:
1818 3407 1981 3457 quare
2009 3392 2167 3442 video
2197 3407 2414 3442 omnem
2445 3394 2638 3451 virum,
2680 3399 2690 3408 '

669 3473 858 3507 manu·
895 3457 1012 3520 ejus
1040 3473 1202 3521 super
1231 3460 1424 3508 lumbis
1460 3459 1592 3520 ejus,
1623 3459 1759 3508 sicut
1793 3457 2067 3521 parientis,
2096 3468 2151 3508 et
2184 3472 2477 3508 conversae
2512 3467 2640 3508 sunt

669 3537 860 3650 ἱἮι-ιειοῖ
887 3522 1051 3636 facigs
1087 3525 1141 3650 i)n
1179 3525 1471 3587 pallorem?
1505 3524 1628 3586 quia
1656 3538 1883 3586 magnus
1910 3523 2026 3573 dies
2056 3524 2161 3582 ille,
2186 3533 2245 3572 ut
2270 3538 2379 3573 non
2406 3525 2476 3574 sit
2502 3525 2639 3574 sicut

727 3603 757 3636 e
845 3603 970 3638 xxx.
1027 3627 1040 3648 ‚
1067 3600 1096 3649 7
1135 3607 1146 3637 :

403 3730 536 3794 hoc
583 3749 850 3812 quoque
909 3729 996 3793 de
1055 3730 1296 3793 ultimo
1354 3740 1539 3793 statu
1598 3729 1949 3806 ecclesiae,
1997 3730 2270 3814 quando
2328 3730 2640 3794 ultImum

398 3825 760 3908 judicium:
812 3829 1162 3906 “magnus
1195 3825 1336 3888 dies
1351 3825 1380 3849 ''
1412 3836 1518 3888 est
1555 3826 1891 3888 adventus
1924 3825 2219 3900 Domini,
2254 3835 2322 3889 et
2356 3837 2517 3889 tunc
2556 3827 2645 3910 ab

407 3918 568 4000 Ipso
619 3917 982 4000 judicium;
1047 3939 1166 4000 per
1223 3921 1697 4000 “interrogare
1756 3929 1827 3982 et
1878 3919 2105 3982 videre
2166 3939 2325 3982 num
2379 3921 2641 4002 pariens

405 4011 612 4087 mas,”
658 4011 1076 4094 significatur
1132 4031 1292 4075 num
1351 4032 1583 4075 verum
1644 4011 1857 4076 Verbi
1914 4012 2169 4096 absque
2225 4012 2409 4077 bono
2463 4016 2641 4078 vitae

405 4106 660 4189 aliquid
694 4105 1024 4170 ecclesiae
1057 4106 1425 4187 producere
1463 4109 1697 4189 possit,
1732 4108 2048 4191 quoniam
2080 4127 2282 4172 omne
2314 4109 2639 4173 ecclesiae

405 4200 800 4281 producitur
825 4220 913 4262 ex
941 4199 1257 4282 conjugio
1281 4201 1439 4263 boni
1467 4213 1535 4264 et
1563 4203 1701 4264 veri
1724 4223 1741 4280 ;
1792 4207 1832 4234 “
1850 4221 1995 4264 mas
2010 4201 2039 4226 ”
2063 4201 2397 4283 significat
2421 4204 2639 4267 eccle·

405 4295 540 4357 siae
593 4312 853 4369 verum,
916 4303 988 4357 et
1045 4294 1321 4357 “uxor”
1375 4295 1706 4358 ecclesiae
1765 4294 2056 4358 bonum:
2122 4300 2382 4378 “quare
2440 4298 2640 4361 video

404 4407 680 4452 omnem
725 4389 962 4463 virum,
1011 4405 1251 4450 manus
1304 4388 1442 4470 ejus
1495 4409 1696 4470 super
1748 4388 1992 4452 lumbis
2045 4389 2185 4471 ejus
2238 4390 2412 4453 sicut
2463 4393 2637 4472 pari-

402 4485 578 4547 entis
599 4481 661 4545 ,²⁹³
713 4479 1054 4562 significat
1112 4501 1228 4544 cur
1285 4491 1562 4564 putatur
1618 4484 1793 4546 sicut
1850 4503 2083 4548 verum
2142 4483 2395 4566 absque
2453 4483 2637 4546 bono

402 4577 735 4658 producat
795 4573 960 4639 talia
1013 4595 1182 4658 quae
1241 4576 1567 4640 eeclesiae
1625 4587 1783 4642 sunt
1805 4598 1823 4657 ;
1891 4575 2157 4641 “lumbi
2172 4577 2202 4602 ”
2250 4576 2636 4660 significant
