3259 5384
644 684 818 752 2230
1267 683 1772 737 APOCALYPSIS
1815 683 2268 737 EXPLICATA.

752 851 1023 915 (Ut‘Esai.
1048 853 1173 903 xxii.
1201 854 1289 903 16:
1332 854 1521 919 Jerem.
1545 853 1613 905 ix.
1639 849 1756 905 [¹¹18
1783 850 1873 919 [B.
1899 856 1967 905 A.
1995 850 2111 919 191:
2147 852 2330 905 Enoch.
2355 868 2478 905 m.
2507 866 2572 915 4:
2609 854 2780 903 Amos.
2799 852 2862 917 ix,-

907 930 962 967 11
984 935 995 968 :
1032 918 1168 968 Hah.
1193 918 1224 969 i.
1248 918 1313 969 6:
1350 919 1550 969 Psalm.
1574 918 1704 969 xliii.
1730 932 1793 981 3;
1831 918 1915 969 Ps.
1941 920 2068 969 xlvi.
2095 932 2120 981 5
2149 916 2241 985 [Β.
2265 920 2335 970 A.
2357 916 2450 985 4];
2489 918 2578 969 Ps.
2601 918 2764 969 lxxiv.
2785 916 2844 979 7).
2915 919 2922 927 “

766 1044 890 1131 [00]
953 1045 1296 1128 Quoniam
1337 1047 1921 1112 “tabernaculum
1937 1047 1970 1073 ’¹
2013 1046 2448 1130 significabat
2491 1047 2762 1111 caelum
2799 1055 2866 1109 et

642 1138 1001 1202 ecclesiam
1046 1138 1270 1221 quoad
1324 1136 1701 1204 doctrinam
1754 1139 1914 1203 boni
1966 1140 2235 1215 amoriS,
2283 1149 2354 1202 et
2403 1134 2868 1202 “tentorium‘'

644 1230 827 1295 illam
866 1232 1089 1314 quoad
1126 1230 1502 1297 dofitrinam
1534 1234 1673 1297 veri
1711 1254 1800 1296 ex
1839 1233 1957 1297 illo
1992 1233 2198 1307 bono,
2233 1242 2305 1297 et
2341 1230 2472 1296 hoc
2511 1252 2602 1295 ex
2641 1228 2866 1295 saneto

643 1323 831 1388 cultu
868 1325 1141 1388 Domini
1176 1326 1266 1389 ab
1301 1328 1801 1409 antiquissimiS,
1843 1335 1918 1390 ut
1963 1328 2030 1389 in
2069 1327 2450 1408 praemissis
2487 1325 2682 1406 hujus
2716 1325 2864 1387 arti-

642 1417 775 1481 culi
822 1416 1073 1483 dictum
1126 1428 1253 1495 est,
1302 1420 1456 1483 ideo
1510 1420 1764 1501 placuit
1819 1420 2116 1484 Domino
2159 1428 2234 1483 ut
2278 1419 2787 1483 tabernaculum
2827 1439 2864 1481 a

648 1510 840 1575 Mose
878 1512 1270 1593 erigeretur,
1310 1514 1375 1576 in
1423 1534 1557 1596 quo
1600 1512 1824 1577 cultus
1866 1514 2482 1595 repraesentativus
2518 1532 2864 1595 peragere-

644 1614 774 1680 tur,
822 1606 1004 1688 quod
1057 1606 1457 1670 describitur
1502 1608 1567 1669 in
1622 1606 1859 1671 Exodo
1904 1606 2124 1691 (xxvi.
2171 1621 2379 1689 7-153
2440 1626 2588 1689 cap.
2631 1606 2862 1669 xxxvi.

648 1698 884 1782 8-37):
933 1710 1005 1764 et
1042 1710 1284 1783 postea
1321 1702 1721 1764 mandatum
1760 1712 1888 1777 est,

758 1830 831 1883 Ut
857 1847 1049 1883 omnes
1079 1834 1249 1883 tribus
1278 1832 1495 1883 Israelis
1519 1834 1716 1883 circum
1747 1834 1876 1884 illud
1901 1842 2423 1894 castrametarentur,
2447 1842 2501 1883 et
2531 1832 2762 1892 Levitae,
2783 1834 2862 1897 qui

904 1898 1203 1948 custodiam
1238 1898 1357 1961 ejus
1391 1900 1738 1959 custodirent,
1771 1898 1926 1962 juxta
1959 1898 2090 1949 illud
2124 1896 2313 1959 (Num.
2349 1899 2382 1949 i.
2421 1910 2611 1959 10-54;
2657 1912 2768 1961 cap.
2799 1897 2862 1947 iii.

756 2024 825 2077 Et
844 1962 1057 2091 quiz-off}
1076 2000 1222 2092 ’quod
1247 2027 1710 2092 proficiscerentur
1733 2042 1852 2079 cum
1881 2029 1972 2078 illo
1995 2026 2182 2091 (Num.
2211 2028 2279 2079 ix.
2311 2040 2388 2089 15,
2413 2026 2558 2093 seq.).

648 2156 850 2240 Quod
888 2159 1401 2224 tabernaculum
1438 2160 1605 2223 illud
1645 2162 2298 2242 repraesentativum
2334 2160 2503 2225 caeli
2547 2169 2622 2223 et
2657 2160 2858 2224 ecclc·

646 2254 784 2316 siae
822 2252 1036 2327 fuerit,
1077 2264 1271 2336 patet
1308 2256 1664 2319 manifeste
1701 2274 1791 2319 ex
1829 2276 1935 2331 e0,

754 2386 915 2450 Quod
948 2386 1125 2437 forma
1156 2386 1525 2515 ejug)ostensa
1558 2389 1627 2438 sit
1665 2388 1808 2437 Mosi
1847 2402 2008 2451 super
2043 2386 2234 2437 Monte
2269 2386 2417 2437 Sinai
2449 2386 2636 2449 (Exeat.
2663 2400 2779 2437 xxv·
2803 2398 2860 2451 93

906 2466 1019 2516 cap.
1044 2467 1185 2502 xxvi.
1212 2466 1242 2513 3
1314 2468 1327 2512 ;

646 2592 717 2646 ct
754 2584 1068 2666 quicquid
1105 2584 1173 2647 in
1209 2585 1423 2649 forma
1458 2586 1716 2649 sistitur
1744 2584 2110 2649 videndum
2147 2586 2213 2648 in
2251 2584 2444 2649 caelo
2479 2594 2552 2648 et
2589 2604 2628 2648 e
2663 2582 2858 2658 caelo,

648 2676 714 2739 id
752 2680 1400 2757 repraesentativum
1437 2690 1563 2743 est.
1655 2676 1856 2760 Quod
1902 2678 2068 2743 illud
2112 2679 2309 2742 suerit
2355 2676 2858 2759 repraesentati·

649 2791 805 2834 vum
852 2772 1055 2853 ipsius
1101 2772 1291 2848 caeli,
1340 2773 1451 2837 ubi
1498 2773 1850 2848 DominuS,
1899 2783 1969 2837 et
2017 2774 2173 2836 inde
2218 2792 2483 2855 quoque
2529 2770 2858 2845 ecclesiae,
2935 2792 2944 2803 ·

650 2874 965 2929 constare
1003 2875 1235 2947 potest
1270 2886 1361 2931 ex
1400 2864 1768 2930 sanfititate
1807 2866 1968 2947 ejuS,

756 2996 915 3061 Quod
938 3012 1051 3047 non
1075 2997 1257 3048 liceret
1281 2998 1437 3048 alicui
1464 3000 1517 3048 in
1542 3000 1597 3049 id
1620 2998 1838 3058 intrare,
1863 2999 1968 3049 nisi
1991 3012 2152 3063 quarn
2178 2998 2419 3048 Aharoni
2443 3007 2497 3048 et
2521 2998 2644 3047 filiis
2665 2996 2788 3055 e’us,
2809 3004 2863 3044 et

907 3064 1047 3125 quod
1082 3065 1128 3113 si
1163 3064 1392 3127 populus
1426 3066 1721 3124 accederet,
1759 3074 2096 3114 morerentur
2127 3062 2315 3126 (Num.
2343 3064 2468 3113 xvii.
2499 3074 2578 3124 27,
2603 3064 2666 3113 28
2713 3061 2774 3111 B.
2793 3063 2858 3109 A.

911 3140 987 3187 12,
1016 3124 1131 3192 13];
1168 3143 1281 3193 cap.
1305 3129 1450 3178 xviii.
1482 3141 1522 3189 1,
1548 3142 1627 3189 22,
1657 3142 1752 3189 ης
1787 3143 1901 3193 cap.
1926 3130 2032 3179 xix.
2063 3129 2272 3193 14-19):

650 3222 796 3279 tum

756 3312 913 3377 Quod
942 3326 1103 3375 super
1126 3312 1217 3362 illo
1245 3313 1405 3363 fuerit
1434 3315 1605 3363 nubes
1635 3313 1881 3372 interdiu,
1911 3328 1974 3363 ac
2001 3313 2207 3377 species
2235 3314 2378 3376 ignis
2409 3310 2574 3365 noan
2599 3311 2772 3374 (Exod.
2790 3309 2858 3359 xl.

907 3379 1000 3440 38:
1035 3380 1202 3428 Num.
1229 3378 1295 3428 ix.
1327 3390 1417 3439 15;
1451 3379 1601 3429 Esai.
1625 3380 1698 3429 iv.
1725 3390 1769 3439 5,
1793 3378 1874 3442 6):

650 3500 723 3555 et
760 3490 1007 3555 deinde

755 3605 912 3670 Quod
941 3606 1137 3656 festum
1162 3606 1531 3665 celebraretur,
1557 3606 1700 3671 quod
1732 3606 1950 3655 Festum
1976 3606 2466 3656 Tabernaculorum
2491 3607 2780 3663 vocabatur,
2799 3616 2856 3652 ac

908 3672 1231 3721 laetarentur
1265 3686 1333 3720 ex
1372 3681 1638 3733 proventu
1679 3685 1836 3721 areae
1876 3681 1932 3721 et
1971 3672 2252 3722 torcularis
2286 3672 2472 3733 (Levit.
2507 3672 2650 3722 xxiii.
2684 3680 2855 3733 39-Μῖ

907 3736 1091 3786 Deutr.
1116 3736 1221 3786 xvi.
1250 3748 1325 3796 13,
1354 3749 1446 3797 14;
1486 3736 1633 3786 Such.
1659 3737 1766 3786 xiv.
1797 3737 1871 3796 16,
1903 3737 1976 3796 18,
2007 3737 2117 3799 19):

648 3887 767 3949 per
808 3873 1266 3951 “proventum
1299 3888 1494 3932 areae
1515 3867 1547 3893 ”
1584 3867 2093 3951 significabatur
2129 3890 2330 3933 omne
2369 3871 2622 3934 bonum
2657 3865 2854 3933 eccle·

646 3964 807 4037 siae,
856 3962 1069 4026 simile
1115 3963 1295 4045 quod
1352 3983 1471 4044 per
1519 3963 1867 4045 “panem”
1914 3974 1985 4027 et
2035 3964 2502 4028 “frumentum
2527 3964 2578 4042 ;”
2635 3974 2704 4027 et
2749 3980 2853 4042 per

652 4062 1117 4136 “proventum
1171 4056 1571 4120 torcularis”
1629 4056 2132 4138 significabatur
2184 4078 2386 4121 omne
2439 4076 2667 4121 verum
2717 4052 2856 4117 boni

650 4148 999 4225 ecclesiae,
1038 4149 1255 4213 simile
1298 4151 1477 4233 quod
1526 4170 1646 4233 per
1687 4150 2027 4227 “vinum,”
2063 4162 2134 4216 et
2181 4172 2299 4233 per
2339 4150 2678 4215 “laetari”
2711 4160 2856 4213 tunc

649 4242 1151 4326 significabatur
1188 4244 1555 4325 jucundum
1602 4246 1849 4308 amoris
1895 4244 2210 4310 caelestis
2261 4256 2332 4309 et
2385 4244 2738 4329 spiritualis
2776 4260 2856 4305 ex

647 4337 797 4400 illis.
890 4336 1092 4419 Quod
1137 4339 1365 4401 omnia
1409 4337 1848 4415 tabernaculi,
1897 4342 2068 4403 sicut
2115 4360 2292 4415 arca,
2341 4338 2854 4421 propitiatorium

651 4451 804 4495 cum
850 4432 1161 4496 cherubis
1204 4452 1403 4513 super
1448 4432 1585 4507 illo,
1635 4432 1883 4508 velum,
1931 4452 2167 4497 mensa
2219 4453 2418 4516 super
2466 4455 2598 4517 qua
2648 4450 2854 4515 paneS,

647 4526 863 4591 altare
900 4526 1183 4602 suffitus»,
1218 4525 1725 4603 candelabrum,
1759 4528 2016 4603 aulaea,
2043 4538 2474 4610 tegumenta,
2517 4548 2764 4592 asseres
2795 4531 2858 4587 ct

648 4619 1028 4697 columnae,
1076 4620 1285 4697 suneS,
1334 4620 1529 4697 clavi,
1576 4630 1649 4684 et
1694 4620 1969 4704 reliqua,
2018 4622 2260 4686 suerint
2304 4620 2859 4704 repraesentativa
