3259 5384
662 660 836 726 2424
1289 658 1795 712 APOCALvrffls
1839 657 2291 712 ΕκΡιιοΑΊ-Α.

665 825 1083 910 significatur
1115 849 1233 911 per
1267 834 1462 894 “non
1495 827 1749 894 habere
1780 825 2141 912 requiem,”
2172 827 2446 902 attinet,
2480 837 2589 892 est
2621 828 2781 911 quia
2814 826 2911 892 illi

665 925 777 1004 qui
821 923 888 986 in
935 923 1194 988 inferno
1229 933 1388 988 sunt
1431 923 1753 988 continue
1790 923 2187 988 detinentur
2228 921 2319 986 ab
2360 922 2704 986 amoribus
2750 923 2907 998 suiS,

663 1028 734 1080 et
771 1018 1038 1099 quoties
1069 1018 1135 1082 in
1173 1017 1328 1082 illos
1357 1027 1743 1099 erumpunt,
1776 1017 2185 1098 puniuntur;
2230 1035 2499 1082 amores
2535 1017 2717 1080 enirn
2754 1016 2909 1080 illo·

663 1129 809 1174 rum
841 1121 997 1174 sunt
1033 1111 1211 1185 odia,
1245 1108 1608 1186 vinditftae,
1647 1110 2171 1184 inimic·itiae,·et
2206 1110 2620 1191 cupiditates
2640 1111 2909 1175 maium

664 1204 972 1279 faciendi,
1007 1223 1180 1288 quae
1218 1205 1348 1271 illis
1386 1215 1530 1271 tam
1559 1203 1861 1286 jucunda
1896 1214 2055 1270 sunt
2094 1214 2167 1268 ut
2198 1203 2426 1268 vocari
2464 1205 2727 1285 possint
2766 1207 2913 1286 ipsa

655 1297 952 1380 jucunda
987 1301 1166 1370 vitae
1205 1299 1514 1378 illorum;
1557 1319 1767 1382 quare
1804 1299 2097 1364 detineri
2142 1298 2231 1364 ab
2274 1297 2404 1362 illis
2438 1308 2547 1364 est
2586 1301 2869 1364 cruciari
2891 1321 2909 1379 ;

664 1394 944 1477 quisque
975 1413 1266 1476 namque
1297 1395 1366 1456 in
1398 1393 1650 1476 gaudio
1680 1393 1905 1460 cordis
1940 1394 2041 1456 sui
2078 1403 2184 1457 est
2222 1411 2377 1456 cum
2412 1394 2481 1456 in
2516 1413 2643 1457 suo
2678 1411 2912 1458 amore

662 1499 1017 1569 regnante,
1059 1489 1344 1568 proinde
1381 1489 1675 1558 vicissim
1722 1489 1790 1553 in
1826 1487 2065 1552 dolore
2109 1488 2333 1552 cordis
2370 1502 2525 1550 cum
2562 1487 2913 1553 det-inetur

663 1581 752 1644 ab
796 1580 952 1646 illo:
1001 1583 1108 1646 hic
1147 1585 1488 1648 cruciatus
1523 1582 1763 1646 inferni
1803 1591 1913 1646 est
1957 1582 2357 1656 communis,
2396 1602 2487 1644 ex
2534 1601 2673 1664 quo
2718 1583 2911 1646 innu-

666 1677 832 1740 meri
869 1675 980 1740 alii
1027 1677 1364 1752 existunt,
1403 1697 1574 1760 quos
1607 1695 1963 1742 recensere
2008 1686 2080 1741 et
2121 1676 2507 1740 describere
2542 1695 2685 1740 non
2720 1676 2912 1759 hujus

666 1772 890 1852 operis
925 1781 995 1835 et
1033 1771 1164 1835 loci
1201 1781 1329 1835 est.

679 1915 692 1924 .
783 1865 982 1948 891.
1026 1868 1410 1931 “adorantes
1435 1866 1695 1932 uniam
1727 1872 1798 1931 ot
1824 1865 2149 1950 imaginem
2174 1864 2668 1948 qanta-Quod
2684 1867 2911 1948 signi-

664 1956 822 2022 ficet
875 1958 995 2040 qui
1038 1969 1403 2041 agnoscunt
1443 1959 1830 2042 relig-absum
1880 1959 1963 2024 de
1992 1957 2141 2043 fide
2180 1967 2511 2040 separata·
2544 1980 2591 2024 a
2638 1959 2808 2033 «υἱέα,
2851 1969 2915 2023 et

665 2050 1044 2117 doctrinam
1072 2052 1234 2133 ejus,
1259 2060 1541 2114 constat
1569 2072 1664 2116 ex
1694 2051 1829 2116 illis
1858 2071 2034 2134 quae
2064 2069 2270 2132 supra
2292 2066 2364 2126 (ιι.
2384 2051 2535 2131 885)
2556 2051 2915 2134 explicata

666 2152 847 2217 sunt,
889 2143 998 2206 ubi
1037 2143 1276 2206 similia
1312 2144 1539 2207 verba.

785 2239 986 2319 892.
1048 2239 1164 2302 “ft
1211 2239 1276 2302 si
1317 2239 1454 2322 quis
1495 2239 1821 2320 occupes-ie
1853 2239 2294 2304 chananeam
2332 2237 2589 2302 nomim'e
2636 2239 2917 2322 ojus.''-

667 2329 870 2412 Quod
892 2331 1226 2412 significet
1247 2332 1670 2414 receptionem
1680 2342 1749 2396 et
1758 2330 2161 2414 agnitionem
2172 2330 2523 2414 qualitatis
2534 2332 2677 2414 ᾔεις
2690 2353 2913 2396 secun-

665 2425 824 2488 dum
845 2426 1346 2506 descriptionem
1365 2435 1597 2508 supra,
1619 2436 1896 2491 constat
1917 2447 2007 2490 ex
2029 2424 2525 2508 significatione
2550 2430 2590 2458 “
2605 2427 2915 2508 accipere

667 2519 1200 2596 charaeteremss'
1231 2521 1413 2603 quod
1452 2523 1542 2585 sit
1579 2522 1891 2604 receptio
1926 2531 1999 2586 et
2031 2523 2303 2603 agnitio
2338 2538 2417 2596 (ut
2442 2551 2605 2597 mma.
2634 2553 2685 2585 n.
2709 2524 2844 2602 838
2870 2545 2919 2586 et

668 2613 846 2690 886„
885 2623 956 2678 et
989 2635 1080 2678 ex
1105 2615 1606 2697 significatione
1630 2621 1671 2648 “
1692 2614 2048 2688 nomini3,”
2070 2614 2256 2697 quod
2288 2617 2377 2680 sit
2400 2616 2606 2700 quale
2629 2615 2915 2697 alicujus

670 2723 754 2782 (de
769 2737 884 2782 qua.
897 2738 944 2770 n.
974 2724 1108 2776 102.
1135 2725 1158 2772 1
1175 2722 1272 2790 35.
1299 2708 1841 2790 148.676.696[01.
1861 2709 1935 2772 81
1953 2723 2079 2789 5101.
2098 2709 2270 2787 841),
2290 2709 2401 2774 hic
2418 2713 2653 2793 itaque
2672 2729 2915 2774 secun-

668 2805 832 2868 dum
885 2805 1414 2887 descriptionem
1468 2805 1731 2870 bestiae
1784 2808 1976 2870 istius
2030 2825 2231 2887 supra
2284 2805 2463 2889 (cap.
2508 2807 2919 2890 xiii.),·talia

669 2901 848 2964 enim
895 2899 1146 2962 faciunt
1193 2917 1444 2965 nomen
1481 2900 1750 2964 illorum
1796 2901 1863 2964 in
1910 2899 2169 2963 mundo
2210 2901 2579 2982 spirituali;
2636 2902 2917 2982 quisque

669 2997 848 3064 enim
879 2994 970 3060 ibi
1004 3013 1253 3058 nomen
1279 2995 1528 3076 accipit
1551 2995 1925 3070 secundum
1946 2995 2145 3078 quale
2175 2995 2337 3076 ejus,
2359 3007 2430 3060 et
2462 2996 2669 3078 quale
2696 2996 2917 3077 cujus·

669 3090 771 3152 vis
817 3090 905 3152 ibi
952 3089 1355 3170 exprimitur
1391 3109 1512 3171 per
1547 3107 1791 3155 vocem
1828 3090 2098 3171 linguae
2130 3091 2515 3172 spiritualis,
2554 3111 2733 3172 quae
2779 3109 2917 3154 vox

671 3184 942 3266 quidem
988 3185 1054 3247 in
1102 3183 1336 3266 lingua
1372 3184 1660 3250 naturali
1699 3194 1931 3266 potest
1968 3185 2324 3259 enuntiari,
2364 3185 2487 3248 sed
2522 3205 2736 3268 usque
2784 3203 2916 3248 non

670 3277 1001 3360 intelligi;
1057 3277 1343 3343 includit
1379 3279 1560 3342 enim
1597 3278 1810 3361 plura,
1848 3299 2023 3360 quae
2070 3298 2207 3342 non
2253 3297 2371 3360 per
2414 3279 2603 3343 ideas
2650 3279 2917 3361 cogita-

671 3374 874 3438 tionis
909 3374 1232 3438 naturalis
1259 3382 1543 3454 possunt
1577 3372 2089 3454 comprehendi,
2115 3384 2189 3438 et·
2219 3374 2377 3438 inde
2410 3394 2534 3438 nec
2571 3393 2691 3456 per
2716 3393 2919 3438 voces

671 3467 984 3551 loquelae
1011 3469 1075 3531 in
1103 3468 1358 3532 mundo
1382 3468 1714 3550 exprimi:
1754 3489 1845 3548 ex
1872 3469 1975 3532 his
2000 3477 2193 3548 patet
2218 3468 2402 3551 quod
2432 3488 2553 3550 per
2578 3472 2622 3502 ‘⁸
2640 3469 2919 3532 charac-

673 3572 890 3626 terem
939 3563 1227 3625 nominis
1273 3562 1532 3626 bestiae
1547 3561 1577 3587 ”
1620 3561 2035 3644 significetur
2078 3563 2340 3645 agnitio
2384 3562 2685 3646 religiosi
2730 3563 2921 3626 istius

672 3656 895 3740 quoad
935 3676 1138 3720 omne
1175 3644 1374 3739 quale
1412 3655 1575 3738 eius»,
1615 3656 1797 3739 quod
1830 3676 2031 3738 supra
2066 3657 2483 3738 descriptum
2519 3666 2651 3720 est.

790 3753 997 3835 893·
1034 3767 1196 3827 [νινε.
1221 3767 1316 3828 η]
1359 3751 1512 3816 “uio
1531 3753 1834 3834 patientia
1850 3759 2212 3818 “nomm
2228 3751 2685 3834 ”tf—Quod
2710 3754 2919 3836 signi·

673 3848 831 3914 ficet
859 3849 1343 3930 persecutiones.
1375 3857 1442 3913 et
1479 3849 1872 3914 tentationes
1907 3849 2176 3914 illorum
2210 3851 2331 3932 qui
2360 3869 2486 3914 non
2521 3851 2593 3914 in
2634 3850 2762 3917 illa
2780 3852 2923 3935 fide

673 3954 847 4020 sunt,
877 3944 1000 4008 sed
1017 3944 1087 4007 in
1109 3943 1458 4019 charitate,
1485 3953 1765 4009 constat
1788 3964 1880 4008 ex
1907 3942 2403 4026 significatione
2432 3949 2471 3978 ‘⁴
2490 3945 2921 4026 patientiae,’'

674 4036 859 4116 quod
897 4037 1037 4099 sint
1073 4034 1507 4101 tentationes
1539 4051 1624 4111 (de
1644 4063 1995 4110 quempiam.
2018 4034 2268 4116 ¹¹¹813);
2312 4035 2497 4118 quod
2529 4037 2747 4100 etiam
2784 4039 2918 4100 sint

674 4133 1202 4214 persecutiones,
1234 4132 1570 4197 videbitur
1593 4131 1798 4196 infra:
1836 4141 1909 4197 et
1940 4153 2031 4196 ex
2064 4131 2559 4214 significatione
2588 4131 2917 4198 “saneto-

675 4225 884 4297 rum,'’
917 4223 1101 4306 quod
1129 4224 1272 4288 sint
1305 4223 1420 4306 qui
1456 4225 1525 4286 in
1554 4225 1736 4288 veris
1765 4245 1857 4288 ex
1894 4224 2081 4290 bono
2110 4235 2273 4288 sunt
2304 4239 2391 4300 (de
2408 4253 2523 4298 qua.
2544 4253 2595 4290 ιι.
2618 4240 2793 4304 204),
2826 4227 2919 4290 ita

675 4323 787 4404 qui
823 4323 890 4386 in
928 4321 1285 4395 charitate,
1326 4321 1395 4384 hi
1435 4321 1616 4385 enim
1652 4321 1722 4385 in
1754 4322 1930 4385 veris
1966 4341 2058 4385 ex
2094 4321 2281 4386 bono
2304 4332 2501 4386 sunt:
2549 4322 2616 4386 hi
2652 4343 2917 4406 quoque

675 4425 834 4480 sunt
871 4417 937 4478 in
978 4413 1148 4492 fide3
1189 4415 1310 4478 sed
1349 4416 1570 4478 sciunt
1600 4412 1785 4498 quod
1818 4415 2111 4480 charitas
2142 4425 2212 4480 et
2244 4415 2413 4480 fides
2442 4437 2651 4480 unum
2685 4428 2913 4499 agant,

676 4511 850 4574 sicut
897 4510 1150 4574 bonum
1197 4519 1270 4573 et
1317 4527 1572 4583 verum,
1621 4519 1739 4574 aut
1792 4510 1965 4576 sicut
2010 4510 2331 4574 voluntas
2382 4521 2455 4575 et
2502 4510 2913 4586 intellectus

676 4615 795 4671 aut
836 4605 1008 4668 sicut
1047 4601 1314 4670 affeetio
1349 4615 1421 4668 et
1457 4604 1832 4687 cogitati03
1878 4613 1950 4670 et
1996 4605 2151 4686 quia
2188 4623 2393 4668 unum
2430 4615 2673 4687 agunt,
2713 4607 2911 4672 etiam
