3259 5384
520 666 693 731 2α>4
1138 662 1640 716 APOCALYPSIS
1685 664 2139 717 EXPLICATA.

519 835 775 911 Verb0,
824 835 1106 918 proinde
1160 832 1473 899 doctrina
1524 836 1801 917 genuini
1845 836 1984 901 veri
2029 856 2202 921 quae
2257 856 2379 920 pro
2431 836 2766 916 ecclesia;

518 930 701 1014 quod
760 930 848 993 sit
905 926 1213 993 doctrina
1270 949 1393 1011 pro
1452 928 1744 994 ecclesia
1797 950 1969 1015 quae
2025 930 2226 995 Nova
2282 931 2768 1014 Hierosolyma

518 1034 822 1099 vocatur,
863 1034 968 1088 est
1007 1024 1163 1105 quia
1207 1043 1325 1105 per
1366 1023 1774 1088 “mulierem
1812 1045 1985 1109 quae
2033 1026 2296 1107 peperit
2332 1024 2544 1089 filium
2579 1044 2766 1089 mas·

518 1114 748 1179 culum
764 1114 797 1140 ’⁹
850 1114 1267 1197 intelligitur
1322 1114 1443 1179 illa
1497 1114 1798 1179 ecclesia
1849 1132 1926 1191 (ut
1957 1146 2156 1191 quoque
2187 1146 2335 1192 supra
2365 1140 2612 1179 ostensum
2645 1134 2764 1193 ut).

520 1204 851 1273 Doctrina
901 1208 1040 1271 veri
1094 1227 1267 1290 quae
1318 1226 1442 1289 pro
1493 1207 1804 1283 ecclesia,
1851 1210 2061 1272 etiam
2114 1229 2234 1291 per
2281 1208 2720 1274 “masculum
2735 1208 2767 1237 ’⁹

518 1300 932 1383 significatur
968 1301 1036 1364 in
1074 1301 1515 1384 sequentibus
1552 1302 2059 1387 locis:—Apud
2093 1302 2348 1380 Mosen,

619 1444 879 1495 “creavit
910 1444 1059 1497 Deus
1086 1446 1362 1496 hominem
1392 1446 1446 1495 in
1476 1446 1770 1509 imaginem
1801 1444 1994 1510 Ipsius,
2019 1447 2074 1497 in
2104 1448 2394 1510 imaginem
2432 1447 2535 1497 Dei
2562 1448 2770 1499 creuit

780 1510 945 1571 illum,
970 1512 1269 1561 masculum
1293 1520 1347 1561 et
1370 1511 1629 1561 feminam
1655 1513 1857 1561 creavit
1880 1511 2048 1562 ill‘os’'
2072 1513 2220 1574 (Gen.
2245 1514 2277 1563 i.
2304 1514 2422 1575 27):

620 1577 649 1599 ‘⁸
668 1574 969 1625 Masculum
993 1585 1049 1625 et
1070 1575 1328 1625 feminam
1352 1576 1555 1627 creavit
1578 1577 1716 1637 illos,
1735 1585 1789 1627 et
1814 1578 2089 1628 benedixit
2111 1578 2233 1639 illis,
2252 1588 2308 1629 et
2325 1580 2538 1631 vocavit
2561 1592 2766 1629 nomen

780 1641 992 1691 illorum
1020 1640 1220 1702 Homo,
1245 1642 1332 1693 die
1355 1656 1463 1706 quo
1484 1642 1651 1692 creati
1673 1641 1844 1693 παῖ’·
1868 1641 2013 1706 (Gen.
2038 1658 2087 1693 v.
2113 1646 2193 1705 2):

521 1784 681 1870 quid
728 1782 865 1859 illa,
913 1804 1086 1867 quae
1130 1784 1199 1847 in
1246 1783 1476 1867 primis
1521 1783 1858 1866 capitibus
1905 1784 2241 1861 Geneseos,
2287 1786 2374 1850 de
2419 1786 2766 1851 creatione

521 1877 692 1942 caeli
746 1888 817 1941 et
873 1886 1116 1953 terrae,
1164 1878 1251 1941 de
1297 1878 1630 1959 paradis0‚
1681 1878 1766 1941 de
1811 1898 1932 1943 esu
1989 1900 2080 1943 ex
2140 1880 2381 1945 arbore
2439 1880 2766 1945 scientiae

522 1982 1004 2049 memorantur,
1054 1971 1432 2046 involvunt,
1481 1991 1686 2035 nemo
1738 1973 1908 2036 scire
1959 1983 2191 2055 potest
2246 1975 2372 2038 nisi
2423 1995 2515 2038 ex
2563 1995 2769 2039 sensu

520 2064 871 2147 spirituali,
905 2075 1065 2129 sunt
1096 2068 1279 2129 enim
1310 2065 1636 2129 historica
1663 2065 1780 2130 illa
1811 2066 2134 2131 historica
2161 2064 2359 2143 facta,
2393 2069 2516 2131 sed
2553 2088 2770 2150 usque

521 2157 780 2235 sancta,
814 2160 971 2243 quia
1006 2160 1275 2242 singula
1310 2160 1495 2223 intus
1533 2178 1613 2223 ac
1652 2161 1722 2222 in
1753 2159 1904 2223 sinu
1942 2161 2316 2242 spiritualia
2351 2171 2534 2225 sunt.
2623 2162 2768 2225 De-

522 2254 835 2319 scribitur
868 2274 986 2335 per
1016 2254 1135 2318 illa
1169 2255 1575 2320 instauratio
1610 2252 1967 2318 Ecclesiae
1997 2252 2558 2338 Antiquissimae,
2593 2276 2768 2338 quae

520 2346 645 2411 suit
670 2348 971 2413 omnium
998 2351 1583 2429 praestantissima
1611 2348 1680 2411 in
1713 2348 1840 2411 hac
1865 2346 2112 2413 tellure
2135 2368 2151 2427 ;
2199 2348 2341 2430 ejus
2363 2350 2772 2415 instauratio

522 2462 643 2525 per
678 2444 1153 2508 “creationem
1186 2442 1355 2507 caeli
1386 2454 1459 2509 et
1497 2442 1780 2518 terrae,”
1811 2441 1952 2524 ejus
1988 2443 2448 2525 intelligentia
2483 2455 2556 2508 et
2591 2446 2770 2527 sapi-

522 2538 711 2602 entia
740 2557 862 2620 per
889 2542 927 2569 ‘⁴
947 2538 1220 2601 hortum
1246 2539 1313 2601 in
1347 2536 1645 2613 Edene,'’
1670 2546 1742 2600 et
1773 2535 1914 2617 ejus
1939 2537 2406 2601 decrescentia
2433 2547 2507 2602 et
2539 2537 2770 2620 lapsus

529 2651 650 2713 per
704 2636 950 2695 “esum
1008 2652 1098 2695 ex
1158 2632 1396 2696 arbore
1454 2630 1834 2696 scientiae.”
1924 2631 2095 2694 Inde
2153 2640 2348 2713 patet
2405 2613 2590 2714 quod
2650 2652 2772 2715 per

527 2724 1018 2801 “Hominem,'’
1054 2727 1166 2809 qui
1205 2736 1489 2791 vocatus
1524 2734 1633 2789 est
1675 2730 1715 2758 ‘⁸
1739 2723 1971 2789 Adam
2016 2737 2088 2789 et
2135 2724 2478 2801 Chavah,”
2513 2726 2768 2791 intelli-

523 2830 724 2903 gatur
768 2820 886 2883 illa
930 2819 1263 2900 ecclesia3
1316 2839 1477 2885 nam
1524 2819 1790 2895 dicitur,
1843 2823 1882 2851 ‘⁶
1907 2819 2288 2884 Masculum
2331 2830 2404 2883 et
2448 2819 2770 2885 seminam

522 2914 776 2979 creavit
822 2914 997 2990 illos,
1044 2924 1117 2979 et
1162 2915 1433 2979 vocavit
1478 2933 1732 2978 nomen
1792 2912 2060 2978 illorum
2122 2912 2356 2977 Homo
2379 2914 2432 2977 :”
2495 2924 2569 2979 et
2615 2916 2772 2997 quia

522 3007 811 3072 ecclesia
856 3008 973 3073 illa
1019 3029 1138 3090 per
1182 3020 1545 3091 utrumque
1588 3006 2018 3090 intelligitur,
2066 3008 2368 3090 sequitur
2413 3009 2598 3090 quod
2651 3028 2773 3091 per

526 3103 1006 3167 “masculum”
1060 3103 1483 3185 intelligatur
1539 3120 1776 3166 verum
1833 3101 1975 3183 ejus
2035 3111 2106 3165 et
2165 3122 2286 3183 per
2347 3102 2771 3167 “feminam'’

522 3198 779 3263 bonum
816 3197 994 3279 ejus;
1042 3199 1139 3262 ita
1175 3218 1443 3282 quoque
1480 3217 1601 3279 per
1641 3196 2074 3261 “masculum
2093 3194 2123 3221 ’'
2159 3193 2490 3273 doctrina,
2531 3208 2604 3261 et
2649 3217 2773 3280 per

527 3298 567 3325 ‘⁴
584 3292 904 3357 feminam
919 3292 949 3319 ”
973 3294 1115 3357 vita
1137 3315 1152 3370 ;
1185 3294 1506 3376 quoniam
1528 3288 1844 3357 doctrina
1869 3293 2012 3355 veri
2033 3301 2142 3355 est
2165 3312 2435 3375 quoque
2461 3291 2773 3356 doctrina

522 3388 773 3451 amoris
828 3398 899 3452 et
953 3388 1325 3463 charitatis,
1374 3388 1472 3452 ita
1528 3384 1842 3451 dostrina
1886 3386 2090 3462 vitae,
2137 3395 2208 3450 et
2254 3388 2398 3449 vita
2449 3386 2610 3450 boni
2661 3398 2770 3451 est

521 3502 791 3565 quoque
834 3483 977 3547 vita
1034 3483 1282 3547 amoris
1337 3491 1411 3545 et
1462 3481 1840 3557 charitatis„
1891 3482 1988 3544 ita
2029 3482 2172 3545 vita
2217 3478 2588 3556 doctrinae,
2635 3482 2768 3545 hoc

521 3585 651 3651 est,
706 3576 850 3640 vita
906 3576 1279 3641 secundum
1337 3573 1738 3639 doctrinam.
1846 3574 2042 3639 Haec
2101 3576 2238 3638 duo
2295 3574 2772 3657 intelliguntur

522 3687 643 3753 per
676 3670 1107 3735 “masculum
1144 3668 1244 3753 [et
1274 3669 1689 3753 feminam],”
1719 3678 1792 3733 et
1821 3668 2020 3733 simul
2053 3670 2308 3751 sumpti
2339 3688 2420 3734 ac
2453 3669 2771 3752 conjugio

520 3762 863 3847 conjuncti
899 3775 1233 3829 vocantur
1274 3763 1624 3839 “Homo,”
1662 3774 1733 3828 et
1770 3782 2044 3847 quoque
2089 3763 2343 3827 faciunt
2383 3762 2768 3840 ecclesiam,

521 3876 697 3942 quae
742 3876 862 3938 per
903 3856 1341 3920 “Hominem
1360 3855 1392 3881 ”
1430 3872 1677 3932 (utsupra
1703 3872 1888 3919 dianam
1917 3872 2011 3931 est)
2053 3856 2490 3937 intelligitur.
2597 3856 2770 3921 Ideo

520 3969 790 4033 quoque
828 3948 1059 4015 Adam
1092 3946 1311 4016 dictus
1348 3958 1454 4013 est
1492 3948 1579 4012 ab
1614 3947 1858 4023 humo;
1904 3958 1976 4012 et
2013 3947 2373 4024 “humuS,”
2404 3969 2496 4012 ex
2533 3968 2770 4031 recep-

520 4045 709 4108 tione
754 4046 1110 4119 seminum,
1151 4042 1491 4126 significat
1525 4043 1886 4107 ecclesiam
1924 4042 2150 4125 quoad
2197 4062 2358 4105 vera
2392 4040 2766 4119 doctrinae,

524 4138 843 4201 “semina
860 4138 889 4163 ”
920 4139 1103 4201 enim
1132 4138 1201 4201 in
1233 4138 1471 4202 Verbo
1500 4136 1888 4220 significant
1919 4156 2122 4215 vera3
2169 4147 2242 4201 et
2275 4135 2564 4200 Chavah
2583 4134 2770 4201 dicia

518 4239 627 4295 est
664 4252 705 4295 a
740 4231 903 4307 vita,

702 4373 885 4439 “Quia
906 4373 1086 4424 futura
1106 4382 1191 4425 est
1214 4382 1386 4423 mater
1406 4374 1588 4423 omnis
1612 4374 1846 4423 viventis
1861 4372 1892 4393 ’³
1915 4370 1996 4435 (ut
2019 4372 2226 4433 dicitur,
2257 4372 2377 4423 Gen.
2405 4372 2476 4423 iii.
2503 4372 2602 4435 20).

522 4516 723 4601 Quod
769 4516 925 4581 illae
971 4518 1165 4593 duae,
1208 4536 1451 4599 nempe
1496 4512 1808 4581 dofitrina
1852 4524 1924 4580 et
1969 4517 2131 4591 vita,
2176 4515 2374 4580 simul
2421 4526 2760 4599 sumptae,

520 4623 593 4678 et
628 4610 944 4695 conjugio
975 4613 1165 4695 quasi
1202 4608 1623 4693 conjunctae,
1658 4611 1971 4676 dicantur
2007 4609 2356 4687 “Hom0,'‘
2389 4620 2460 4675 et
2493 4630 2762 4694 quoque
