3259 5384
1022 674 1185 731 car.
1218 675 1375 740 κη,
1407 628 1617 729 unns.
1647 675 1874 745 9.-Ν,
1906 676 2050 745 7-42.
2485 664 2660 747 2089

420 842 669 909 Divina
716 862 903 920 vera,
948 844 1106 927 quia
1156 854 1318 909 sunt
1367 846 1808 930 receptiones
1859 865 2100 910 eorum
2151 862 2394 923 (videatur
2417 876 2580 922 supra.
2609 876 2659 911 n.

424 948 557 1013 130,
581 949 771 1014 302);
814 933 974 997 inde
1011 953 1133 1016 per
1165 934 1516 1016 “angelos
1544 933 1866 999 draconis
1883 933 1916 960 ’'
1946 933 2421 1017 significantur
2449 936 2656 1001 infer-

416 1024 595 1115 nalia
629 1024 800 1089 falsa
836 1044 1013 1108 quae
1046 1044 1141 1089 ox
1176 1025 1383 1101 malo,
1422 1026 1605 1111 quod
1643 1046 1765 1109 per
1803 1031 1842 1061 “
1860 1026 2228 1091 draconem
2246 1027 2280 1053 '⁸
2309 1027 2654 1109 significa·

414 1127 544 1194 tur,
598 1118 1019 1201 procedunt:
1080 1116 1251 1188 falsa
1304 1119 1443 1196 illa,
1500 1141 1674 1203 quae
1728 1142 1846 1203 per
1896 1120 2239 1203 “angelos
2292 1122 2608 1187 draconis
2624 1120 2656 1146 ’⁹

412 1212 900 1297 significantur,
928 1224 1088 1279 sunt
1119 1214 1443 1301 pleraque
1473 1234 1636 1282 vera
1667 1214 2046 1291 falsificata,
2080 1236 2254 1299 quae
2288 1218 2357 1279 in
2388 1236 2464 1280 se
2493 1226 2656 1286 sunt

410 1304 601 1383 salsa,
642 1318 717 1372 ut
762 1328 967 1391 supra
1001 1306 1261 1372 dictum
1302 1318 1433 1373 est.
1524 1306 1732 1391 Quod
1775 1308 2070 1391 “projici
2107 1310 2177 1372 in
2223 1310 2529 1374 terram”
2565 1311 2656 1375 sit

410 1402 719 1469 damnari
776 1402 1059 1479 inferno,
1121 1412 1229 1469 est
1296 1404 1453 1486 quia
1512 1403 1645 1471 hoc
1708 1402 2129 1489 significatur
2189 1424 2344 1469 cum
2408 1406 2656 1480 dicitur

414 1496 705 1578 “projici
733 1517 772 1561 e
804 1496 1059 1563 caelo.'’
1144 1494 1320 1563 Sunt
1355 1498 1427 1561 in
1457 1498 1715 1563 mundo
1745 1498 2080 1580 spirituali
2118 1508 2340 1564 terrae
2373 1500 2548 1563 sicut
2586 1500 2654 1563 in

411 1590 665 1654 mundo
696 1591 1013 1666 naturali,
1047 1591 1293 1677 plenae
1324 1592 1675 1657 montibus
1707 1600 1778 1656 et
1813 1592 2122 1667 collibus,
2159 1602 2306 1656 turn
2339 1592 2652 1669 vallibuS,

410 1694 483 1751 ut
526 1696 603 1753 et
640 1684 1065 1765 fluminibus;
1120 1706 1277 1753 cum
1312 1686 1485 1751 haec
1522 1686 1724 1754 simul
1759 1696 2040 1769 sumpta
2074 1697 2409 1752 vocantur
2445 1697 2649 1763 terra,

407 1790 571 1843 tunc
618 1800 741 1863 per
779 1780 1143 1845 “terram'’
1177 1780 1599 1866 significatur
1635 1780 1968 1860 ecclesia3
2025 1791 2098 1845 at
2143 1798 2298 1845 cum
2337 1782 2474 1844 ima
2513 1790 2652 1845 ter-

406 1894 517 1943 rae
552 1873 1061 1959 intelliguntur,
1097 1874 1273 1942 sicut
1314 1874 1728 1959 intelligitur
1765 1895 1882 1959 per
1924 1875 2213 1959 “projici
2259 1895 2296 1939 e
2344 1874 2539 1939 caelo
2582 1875 2651 1939 in

406 1966 720 2043 terram‚”
758 1977 926 2033 tunc
966 1988 1093 2051 per
1129 1974 1443 2033 “terram
1458 1968 1489 1993 ”
1525 1966 1949 2051 significatur
1993 1970 2437 2047 damnatum3
2495 1970 2652 2052 quia

406 2062 527 2125 sub
556 2061 715 2126 imis
746 2060 880 2126 illis
911 2072 1072 2126 sunt
1104 2062 1383 2137 inferna,
1411 2071 1482 2126 et
1516 2082 1786 2146 quoque
1816 2062 1886 2126 in
1919 2063 2192 2127 infernis
2219 2072 2378 2125 sunt
2405 2072 2650 2139 terrae,

404 2154 526 2218 sed
554 2164 789 2225 terrae
818 2156 1209 2221 damnatae.
1300 2154 1415 2220 Ex
1448 2156 1577 2220 hac
1610 2174 1816 2225 eausa
1847 2167 1954 2221 est
1987 2156 2168 2241 quod
2203 2156 2368 2220 nulli
2401 2157 2652 2239 angelo

406 2267 548 2319 mos
594 2250 689 2315 sit
737 2270 948 2333 prone
990 2272 1115 2317 seu
1151 2260 1443 2319 nutante
1484 2252 1716 2333 capite
1757 2252 1874 2327 ire,
1914 2262 1984 2319 et
2021 2248 2332 2335 spectare
2373 2262 2649 2329 terram,

404 2343 620 2409 intimo
650 2362 779 2407 nec
816 2362 1018 2427 super
1047 2353 1231 2410 terra
1266 2346 1337 2408 in
1372 2346 1599 2409 imise
1558 2344 1704 2427 ejus
1733 2344 1982 2429 jacere,
2019 2365 2144 2409 nec
2182 2346 2458 2431 aliquod
2497 2347 2650 2430 pul-

404 2438 577 2505 veris
640 2438 802 2503 inde
863 2440 1237 2505 desumere.
1350 2438 1520 2505 Inde
1580 2441 1794 2515 venit,
1850 2440 2033 2525 quod
2095 2440 2206 2525 qui
2267 2441 2336 2508 in
2397 2443 2652 2507 mundo

403 2532 905 2598 damnaverunt
950 2533 1122 2598 alios
1167 2534 1449 2609 inferno,
1498 2535 1769 2598 soleant
1818 2534 2168 2617 pulverem
2215 2556 2252 2601 e
2309 2546 2490 2601 terra
2533 2536 2654 2600 illa

404 2626 845 2711 desumptum
889 2628 1217 2711 projicere
1266 2629 1341 2693 in
1388 2627 1706 2704 alterurn,
1755 2648 1916 2693 nam
1969 2628 2102 2695 hoc
2157 2631 2650 2713 correspondet

404 2722 965 2789 condemnationi
1009 2721 1149 2802 illi;
1209 2724 1420 2792 immo
1468 2742 1593 2791 nec
1652 2724 1812 2789 licet
1867 2724 2066 2789 alicui
2121 2726 2318 2788 nudis
2365 2725 2650 2809 pedibus

404 2836 599 2899 super
647 2816 853 2883 terris
902 2816 1039 2883 illis
1080 2816 1450 2885 ambulare.
1543 2816 1716 2887 Illae
1763 2828 2008 2893 terrae,
2057 2840 2230 2903 quae
2277 2820 2650 2885 damnatae

403 2921 579 2986 sunt,
602 2912 1169 2975 internoscuntur
1184 2912 1399 2994 probe
1422 2932 1462 2976 a
1486 2911 1684 2976 terris
1709 2932 1884 3000 quae
1911 2932 2048 2979 non
2075 2914 2446 2978 damnatae
2465 2923 2648 2990 sunt,

404 3025 489 3075 ex
547 3026 661 3079 eo,
708 3006 893 3089 quod
946 3015 1128 3075 terra
1172 3006 1505 3074 damnata
1553 3006 1644 3076 sit
1698 3027 1972 3089 prorsus
2019 3008 2270 3081 sterilis
2315 3017 2385 3074 et
2441 3008 2652 3071 modo

404 3099 641 3181 pulvis,
684 3118 768 3163 ac
804 3099 963 3163 hine
1008 3110 1083 3169 et
1119 3100 1279 3164 indo
1316 3102 1527 3183 spinis
1566 3111 1640 3165 et
1677 3101 1986 3167 sentibus
2025 3101 2290 3177 obsita3
2345 3111 2421 3165 at
2468 3110 2652 3165 terra

404 3212 536 3256 non
582 3194 920 3257 damnata
962 3203 1070 3258 est
1117 3194 1428 3269 fecunda,
1476 3195 1683 3277 plena
1726 3194 1975 3269 herbiS,
2015 3194 2351 3277 virgultiS,
2391 3194 2650 3259 arbori·

402 3286 522 3355 bus
566 3297 641 3357 et
682 3308 954 3379 quoque
988 3290 1193 3377 agris.
1284 3288 1455 3359 Inde
1499 3289 1672 3357 ritus
1715 3290 1786 3356 in
1823 3288 2139 3357 Ecclesia
2175 3298 2648 3371 repraesenta-

404 3381 542 3450 tiva
560 3382 853 3465 Judaica
876 3380 1179 3452 solennis
1203 3382 1349 3459 fuit,
1377 3403 1451 3449 se
1476 3382 1804 3468 projicere
1834 3383 1904 3453 in
1937 3393 2212 3458 terram,
2241 3403 2314 3448 se
2339 3381 2656 3452 volutare

404 3476 511 3553 ibi,
530 3497 611 3545 ac
634 3476 799 3543 inde
819 3476 1169 3563 pulverem
1188 3498 1390 3563 super
1408 3488 1616 3562 caput
1637 3496 1982 3561 spargere,
2003 3477 2278 3564 quando
2302 3478 2370 3543 in
2396 3495 2651 3560 magno

404 3568 587 3641 luctu
636 3582 923 3656 propter
974 3570 1211 3643 clades
1258 3570 1348 3637 ab
1400 3571 1738 3647 hostibus,
1787 3591 1867 3639 ac
1923 3582 2201 3655 propter
2247 3570 2650 3639 violentiam

404 3665 669 3735 illatam
702 3664 1102 3735 sanctuariis
1133 3666 1425 3743 illorum,
1460 3666 1772 3745 fuerunt;
1819 3686 1938 3749 per
1969 3686 2142 3753 quae
2175 3677 2650 3749 repraesentate

404 3760 569 3833 bant
614 3761 803 3845 quod
856 3770 1315 3847 agnoscerent
1362 3781 1435 3828 se
1480 3781 1573 3825 ex
1619 3771 1840 3831 semet
1887 3760 2254 3825 damnatos
2301 3780 2452 3829 esse
2475 3782 2500 3838 ;·
2553 3761 2650 3835 sic

404 3854 788 3923 humillimo
818 3866 1027 3942 gestu
1054 3855 1511 3927 sollicitantes
1544 3866 1621 3922 ut
1654 3857 2166 3924 remitterentur
2192 3854 2326 3921 illis
2357 3865 2647 3937 peccata

405 3970 657 4022 eorum.
750 3950 955 4035 Quod
1002 3950 1102 4021 illi
1155 3951 1267 4039 qui
1316 3970 1435 4035 per
1484 3948 1963 4021 “draconem”
2009 3960 2080 4019 et
2135 3968 2255 4033 per
2303 3949 2654 4031 “angelos

405 4044 589 4127 ejus”
634 4045 1145 4131 intelliguntur,
1192 4044 1493 4127 separati
1542 4044 1792 4130 fuerint
1844 4064 1882 4107 e
1938 4043 2154 4119 caelo,
2203 4063 2284 4109 ac
2339 4043 2650 4110 damnati

405 4139 685 4215 inferno,
742 4140 905 4210 dum
958 4139 1275 4211 ultimum
1328 4138 1654 4223 judicium
1713 4138 2195 4221 peragebatur,
2247 4146 2318 4201 et
2379 4157 2652 4226 quoque

405 4245 667 4315 postea,
698 4234 862 4305 mihi
895 4234 1139 4309 datum
1170 4244 1278 4299 est
1301 4233 1505 4302 oculo
1537 4243 1722 4303 teste
1747 4234 2000 4308 videre,
2029 4233 2115 4299 de
2147 4253 2279 4316 qua
2309 4252 2382 4300 re
2415 4242 2652 4307 tamen

406 4329 488 4396 ad
540 4328 751 4398 finem
804 4328 1001 4411 hujus
1056 4330 1281 4413 operis
1334 4327 1528 4437 plura
1575 4328 1908 4399 dicentur.
1999 4326 2116 4395 Ex
2168 4325 2276 4392 his
2329 4335 2650 4393 constare

406 4434 637 4507 potest
684 4424 873 4507 quod
914 4444 1035 4510 per
1077 4422 1367 4509 “projici
1418 4442 1457 4495 e
1510 4420 1711 4493 caelo
1757 4423 1830 4493 in
1883 4419 2184 4495 terram’·
2221 4410 2653 4503 significetur

407 4517 717 4609 damnari
749 4516 1034 4589 inferno
2367 4574 2370 4579 .
