3259 5384
714 622 753 672 2
766 622 791 670 1
803 623 887 690 34
1333 618 1836 671 APOCALYPSIS
1881 619 2335 671 EXPLICATA.

710 791 797 854 de
850 789 1095 854 astutis
1150 790 1780 854 ratiocinationibus
1832 791 2099 854 illorum
2159 792 2246 856 de
2299 789 2787 874 justificatione
2841 812 2947 873 per

709 884 927 948 solam
975 883 1195 947 fidem.
1288 885 1564 966 Dogma
1607 884 1877 947 illorum
1922 895 2028 948 est
2075 885 2256 969 quod
2303 886 2512 949 homo
2550 884 2949 967 justificetur

708 971 779 1042 'et
826 979 1127 1042 salvetur
1172 998 1291 1059 per
1334 977 1555 1042 solam
1600 977 1806 1042 fidem
1851 979 2105 1061 absque
2152 979 2467 1062 operibus
2514 979 2746 1062 LegiS,
2785 1000 2948 1062 quae

708 1084 864 1136 sunt
911 1073 1091 1135 bona
1136 1074 1523 1136 charitatis:
1589 1083 1662 1136 at
1709 1073 1886 1156 quia·
1917 1075 1983 1136 in
2031 1072 2266 1138 Verbo
2310 1076 2659 1157 utriusque
2707 1073 2945 1138 Testa·

708 1167 921 1230 menti
952 1167 1185 1230 vident
1224 1168 1405 1250 quod
1442 1168 1654 1232 toties
1685 1167 1996 1232 dicantur
2029 1173 2294 1249 “opera
2310 1167 2340 1192 ’⁹
2372 1179 2442 1232 et
2480 1165 2777 1242 “factm”
2809 1178 2946 1231 turn

712 1259 1030 1325 “facere'’
1083 1271 1153 1324 et
1214 1261 1556 1336 “amare,”
1603 1281 1739 1324 non
1791 1272 2076 1345 possunt
2127 1261 2327 1326 aliter
2370 1281 2574 1345 quam
2621 1261 2948 1326 affirmare

706 1355 888 1438 quod
926 1354 1101 1418 bene
1138 1357 1501 1420 vivendum
1538 1357 1668 1433 sit;
1715 1356 1836 1418 sed
1873 1357 2030 1438 quia
2065 1367 2551 1438 separaverunt
2591 1377 2802 1438 opera
2838 1367 2946 1421 aut

706 1447 885 1512 sacta
922 1469 961 1512 a
998 1449 1127 1512 fide
1166 1451 1340 1514 sicut
1379 1470 1513 1514 non
1544 1449 1987 1532 justificantia
2025 1461 2096 1514 et
2132 1450 2489 1527 salvantia,
2527 1461 2758 1514 astute
2791 1471 2944 1515 con·

700 1541 996 1626 jungunt
1032 1544 1145 1608 illa
1169 1555 1239 1608 et
1274 1543 1496 1619 fidem,
1526 1546 1648 1608 sed
1673 1564 1880 1626 usque
1913 1545 2010 1608 ita
2042 1554 2116 1609 ut
2150 1544 2374 1626 potius
2399 1557 2724 1626 separent
2754 1565 2946 1629 quam

706 1637 1150 1720 conjungunt.
1245 1637 1383 1704 Sed
1414 1641 1573 1723 quia
1608 1639 2168 1703 ratiocinationes
2199 1639 2466 1704 illorum
2503 1639 2730 1704 in.tali
2763 1641 2950 1720 copia

706 1743 886 1807 sunt,
926 1743 998 1797 et
1044 1752 1197 1797 cum
1244 1734 1365 1798 tali
1411 1736 1686 1810 astutia,
1723 1745 1798 1798 ut
1845 1752 1979 1797 non
2030 1736 2260 1814 paucis
2304 1735 2568 1816 possint
2613 1737 2944 1817 expromi,

706 1826 861 1891 ideo
906 1829 971 1890 in
1018 1829 1337 1910 singulari
1376 1827 1706 1910 opusculo
1748 1827 1852 1890 De
1891 1827 2060 1890 Fide
2103 1827 2476 1908 spirituali
2513 1829 2943 1911 detegentur,

706 1930 779 1987 et
808 1922 895 1984 ad
928 1933 1205 2004 captum
1236 1924 1445 1986 etiam
1476 1922 1880 2004 simplicium
1913 1923 2243 1986 sistentur
2269 1923 2626 1986 videndae.
2721 1923 2945 1988 Credi·

706 2025 815 2080 tur
868 2017 933 2078 in
987 2016 1215 2098 vulgo,
1272 2027 1341 2080 et
1395 2037 1662 2099 quoque
1715 2017 2004 2080 credunt
2056 2016 2182 2098 ipsi
2235 2017 2348 2099 qui
2395 2015 2946 2097 justificationem

706 2126 828 2191 per
871 2109 1087 2174 solam
1132 2110 1332 2174 fidem
1372 2111 1770 2184 defendunt,
1809 2111 1994 2192 quod
2041 2109 2478 2190 spiritualiter
2523 2113 2840 2193 cogitent
2881 2125 2946 2174 et

705 2205 1213 2280 ratiocinentur,
1248 2205 1403 2287 quia
1439 2215 1640 2269 acute
1677 2215 1748 2268 et
1786 2215 2052 2267 astute:
2092 2204 2213 2267 sed
2247 2205 2599 2268 sciendum
2630 2217 2743 2270 est
2774 2205 2944 2289 quod

706 2319 909 2362 nemo
966 2299 1403 2380 spiritualiter
1461 2301 1725 2380 cogitet
1784 2308 1858 2362 et
1917 2299 2379 2373 ratiocinetur,
2442 2319 2644 2382 quam
2708 2302 2822 2382 qui
2885 2302 2944 2364 in

704 2393 1158 2457 illustratione
1196 2405 1303 2456 est
1340 2413 1383 2458 a
1422 2393 1744 2468 Domino,
1777 2403 1849 2456 et
1887 2393 2046 2454 inde
2083 2393 2150 2456 in
2189 2390 2545 2456 affectione
2583 2396 2728 2456 veri
2765 2395 2946 2476 spiri-

706 2487 913 2566 tuali;
968 2489 1035 2552 hi
1074 2489 1252 2552 enim
1300 2489 1367 2550 in
1416 2487 1563 2550 luce
1602 2489 1741 2550 veri
1779 2497 1960 2561 sunt,
2000 2497 2070 2550 et
2111 2485 2231 2549 lux
2269 2487 2410 2550 veri
2447 2499 2552 2550 est
2599 2487 2724 2550 lux
2763 2488 2944 2558 caeli,

706 2601 795 2646 ex
842 2603 973 2666 qua
1010 2583 1467 2664 intelligentia
1511 2593 1585 2644 et
1628 2581 1964 2663 sapientia
2007 2592 2113 2645 est
2159 2579 2464 2663 angelis;
2519 2581 2636 2644 illa
2681 2581 2806 2645 lux
2849 2597 2946 2645 est

704 2697 879 2762 quae
916 2690 1199 2741 vocatur
1230 2676 1613 2758 spiritualiS,
1649 2687 1720 2740 et
1760 2685 2258 2757 consequenter
2294 2676 2390 2739 illi
2428 2678 2540 2759 qui
2577 2678 2647 2740 in
2685 2697 2773 2741 ea
2809 2677 2946 2740 luce

706 2782 863 2835 sunt
894 2772 1273 2853 spirituales
1299 2782 1496 2835 sunt:
1544 2769 1640 2834 illi
1672 2780 1902 2834 autem
1934 2771 2044 2853 qui
2083 2772 2150 2834 in
2181 2770 2366 2833 falsis
2397 2781 2577 2844 sunt,
2605 2781 2946 2854 utcunque

706 2878 904 2932 acute
950 2869 1260 2948 cogitant
1306 2877 1377 2930 et
1431 2866 1940 2941 ratiocinantur,
1991 2884 2125 2928 non
2173 2864 2554 2945 spirituales
2599 2875 2786 2939 sunt,
2833 2865 2944 2926 sed

704 2962 1070 3035 naturaleS,
1100 2963 1307 3024 immo
1338 2960 1726 3038 sensuales3
1774 2970 1932 3022 sunt
1971 2961 2151 3022 enim
2191 2959 2649 3040 cogitationes
2685 2971 2762 3024 et
2799 2959 2946 3022 inde

705 3057 1257 3120 ratiocinationes
1290 3054 1555 3118 illorum
1590 3053 1950 3135 pleraeque
1983 3074 2074 3116 ex
2105 3052 2384 3116 fallaciis
2415 3071 2761 3128 sensuum,
2789 3071 2946 3136 quas

704 3149 908 3233 aliqui
966 3149 1234 3231 eloquio
1292 3159 1656 3223 exornant,
1718 3167 1796 3211 ac
1855 3147 2150 3212 flosculis
2209 3149 2649 3222 concinnant,
2701 3160 2776 3212 et
2835 3167 2945 3228 per

705 3247 1137 3326 apparentias
1200 3265 1291 3308 ex
1352 3245 1499 3308 sola
1552 3243 1814 3307 Natura
1867 3243 2270 3307 confirmant
2296 3264 2311 3320 ;
2380 3243 2656 3324 quidam
2719 3253 2940 3306 autem

704 3338 1077 3403 scientifica
1112 3341 1477 3402 ratiociniis
1513 3339 1776 3401 addunt
1824 3348 1894 3401 et
1941 3339 2277 3418 inaptant,
2317 3347 2388 3400 et
2435 3357 2526 3399 ex
2562 3337 2724 3418 igne
2763 3355 2942 3400 amo·

704 3433 792 3496 ris
823 3435 922 3496 sui
954 3444 1023 3497 et
1057 3433 1211 3496 inde
1242 3433 1453 3496 fastus
1478 3435 1787 3515 propriae
1819 3430 2317 3513 intelligentiae
2342 3430 2457 3494 illa
2484 3433 2940 3511 pronuntiant,

704 3529 801 3591 ita
858 3546 1010 3590 cum
1071 3547 1241 3591 sono
1286 3529 1459 3591 sicut
1519 3525 1892 3590 affectionis
1949 3526 2110 3588 veri.
2201 3525 2278 3588 In
2341 3524 2590 3588 talibus
2637 3525 2942 3589 consistit

702 3623 957 3684 astutia
1016 3621 1303 3696 illorum,
1360 3641 1530 3703 quae
1586 3630 1869 3702 apparet
1924 3620 2098 3682 sicut
2151 3619 2488 3701 sapientia
2539 3637 2772 3681 coram
2825 3617 2945 3680 illis

704 3717 817 3798 qui
862 3735 997 3780 non
1046 3715 1271 3798 aliquo
1316 3711 1668 3778 intellectu
1730 3723 2016 3795 possunt
2077 3724 2197 3777 aut
2257 3713 2512 3776 audent
2575 3714 2827 3776 intrare
2883 3713 2942 3774 in

706 3810 869 3873 talia
893 3830 1064 3891 quae
1086 3809 1411 3873 ecclesiae
1436 3820 1506 3872 et
1532 3807 1744 3872 Verbi
1777 3817 1956 3870 sunt.
2039 3805 2241 3888 Quod
2268 3807 2618 3870 sensuales
2643 3808 2945 3871 homines

704 3915 931 3967 astute
990 3906 1313 3986 cogitare,
1370 3901 1551 3986 loqui
1610 3913 1682 3966 et
1741 3923 1946 3984 agere
2005 3911 2311 3983 possunt,
2369 3912 2474 3964 est
2536 3901 2696 3982 quia
2751 3919 2944 3965 omne

706 3997 957 4062 malum
990 3999 1238 4062 residet
1270 3999 1335 4060 in
1370 3998 1664 4060 sensuali
1695 3996 2004 4072 hominiS,
2035 4007 2106 4060 et
2140 3996 2396 4059 malitia
2428 3997 2494 4057 in
2527 3995 2648 4058 illo
2683 4005 2942 4060 tantum

705 4091 1005 4156 excellet
1037 4102 1367 4174 quantum
1399 4091 1854 4174 intelligentia
1891 4091 2069 4172 apud
2109 4089 2526 4171 spiritualem
2559 4089 2901 4154 hominem
2928 4109 2940 4164 ;

706 4197 778 4249 ut
826 4187 986 4248 mihi
1025 4198 1341 4251 constare
1386 4187 1607 4267 potuit
1656 4207 1746 4248 ex
1793 4185 2051 4248 malitia
2088 4184 2531 4258 infernalium,
2573 4204 2748 4267 quae
2792 4183 2940 4247 talis

704 4291 810 4344 est
856 4289 927 4344 et
974 4290 1171 4345 tanta
1216 4291 1288 4344 ut
1334 4301 1470 4343 non
1507 4280 1796 4344 describi
1842 4281 2094 4362 possit;
2156 4299 2235 4344 ac
2276 4298 2515 4342 ornnes
2561 4279 2628 4342 in
2676 4278 2939 4342 infernis

704 4385 863 4439 sunt
908 4375 1293 4439 sensuales:
1356 4375 1485 4439 hoc
1544 4374 1950 4456 intelligitur
2001 4393 2122 4456 per
2177 4373 2455 4437 Domini
2505 4373 2716 4438 verba
2767 4371 2936 4455 apud

702 4468 972 4546 Lucam,
