3259 5384
665 671 832 754 2328
1284 683 1785 737 APOCALYPsm
1829 683 2279 738 EmecATA.

665 856 1121 920 illustratione
1165 875 1206 920 a
1252 854 1592 934 Domin0;
1648 865 1809 920 sunt
1852 857 2034 920 enim
2070 877 2231 920 vera
2274 856 2343 919 in
2380 853 2591 919 caelis
2624 850 2899 936 obiecta

663 948 1062 1032 spiritualia,
1102 969 1274 1032 quae
1319 949 1563 1013 clarius
1607 969 1841 1014 coram
1886 950 2151 1032 angelis
2195 951 2285 1014 ibi
2321 958 2652 1032 apparent
2690 967 2897 1030 quam

663 1042 932 1126 objecta
978 1044 1311 1107 naturalia
1356 1064 1586 1108 coram
1631 1045 2019 1109 hominibus
2064 1047 2133 1108 in
2186 1045 2484 1121 mundo;
2544 1062 2755 1125 quare
2798 1041 2897 1106 illi

659 1134 936 1202 “lsciunt
983 1139 1163 1220 quod
1209 1137 1378 1202 fides
1425 1158 1560 1201 non
1614 1138 1798 1203 aliud
1853 1141 1943 1203 sit
1996 1157 2200 1222 quam
2246 1139 2508 1220 agnitio
2551 1138 2693 1200 veri
2737 1137 2899 1220 quia

660 1233 897 1296 vident
940 1232 1120 1314 quod
1159 1252 1391 1295 verum
1437 1235 1550 1306 sit,
1592 1244 1665 1297 et
1712 1253 1985 1315 prorsus
2031 1253 2167 1296 non
2206 1233 2483 1314 capiunt
2521 1231 2703 1314 quod
2750 1231 2897 1294 dari

661 1328 877 1408 possit
917 1327 1093 1409 apud
1131 1326 1426 1409 aliquem
1465 1326 1632 1390 fides
1670 1326 1950 1408 alicujus
1988 1327 2082 1390 rei
2120 1346 2258 1389 non
2289 1328 2497 1399 visae,
2530 1345 2647 1390 seu
2684 1327 2897 1392 intel··

661 1417 928 1497 lectam
983 1421 1076 1484 sic
1115 1422 1296 1484 enim
1343 1439 1482 1484 non
1528 1423 1661 1485 scit
1707 1421 1918 1485 homo
1954 1439 2115 1484 num
2152 1439 2385 1484 verum
2432 1421 2521 1484 sit
2566 1429 2685 1483 aut
2732 1439 2901 1484 num·

659 1512 922 1588 salsum,
963 1533 1042 1577 ac
1081 1513 1246 1578 fides
1292 1514 1441 1579 salsi
1479 1525 1588 1580 est
1627 1515 1999 1578 damnosa:
2054 1515 2214 1578 inde
2260 1523 2453 1598 patet
2490 1514 2901 1596 quod-visus

659 1605 1142 1672 intellectualis
1188 1609 1366 1690 apud
1423 1609 1576 1671 illos
1631 1611 1719 1672 sit
1773 1609 1955 1672 visus
2013 1606 2401 1691 spiritualis.
2491 1607 2754 1689 Angeli
2800 1609 2899 1672 illi

659 1699 1094 1782 perficiuntur
1131 1699 1506 1776 intellectu,
1545 1712 1879 1785 quantum
1918 1703 1986 1766 in
2031 1721 2264 1766 amore
2299 1702 2443 1764 veri
2486 1711 2647 1766 sunt
2686 1721 2900 1784 prop-

659 1805 766 1858 ter
802 1797 1015 1860 vitam
1053 1805 1124 1859 et
1171 1795 1312 1877 ejus
1357 1797 1691 1878 genuinos
1736 1815 1915 1870 usuS‚
1956 1815 2035 1860 ac
2084 1806 2357 1860 tantum
2394 1794 2899 1877 implantantur

659 1910 820 1954 vera
855 1891 1040 1954 vitae
1077 1889 1367 1963 illorum,
1408 1910 1485 1952 ac
1525 1889 1694 1953 fiunt
1732 1887 2125 1954 affectiones
2163 1890 2343 1966 veri;
2390 1888 2673 1952 trahunt
2710 1891 2895 1952 enim

659 2003 820 2047 vera
866 2003 1138 2047 omnem
1187 2003 1378 2046 suam
1423 1985 1795 2047 essentiam
1848 1993 1921 2048 et
1976 1983 2133 2046 inde
2179 1985 2394 2046 vitam
2446 2003 2489 2045 a
2542 1981 2746 2056 bone,
2776 1983 2897 2045 ‘ita

657 2075 1048 2142 intellectus
1079 2099 1120 2141 a
1156 2077 1517 2141 voluntate
1555 2089 1626 2142 et
1662 2077 1805 2160 ejus
1836 2075 2103 2156 αᾶἰνος
2150 2075 2541 2142 intellectus
2570 2079 2751 2140 enim
2784 2086 2893 2140 est

659 2171 1166 2254 receptaculum
1212 2173 1372 2247 veri,
1411 2182 1485 2236 et
1529 2171 1851 2236 voluntas
1896 2181 2003 2236 est
2050 2170 2558 2254 receptaculum
2598 2171 2781 2244 boni,
2821 2182 2895 2234 et

659 2263 954 2329 activum
999 2285 1230 2330 eorum
1278 2265 1579 2348 complet
1635 2275 1707 2328 et
1760 2265 2039 2342 sundat;
2100 2265 2259 2328 inde
2312 2266 2522 2328 etiam
2568 2284 2751 2338 vera,
2802 2285 2895 2328 ex

660 2359 900 2441 quibus
930 2359 1262 2422 formatus
1292 2369 1400 2422 est
1431 2356 1825 2422 intellthus
1853 2379 2111 2433 eorum,
2140 2359 2413 2440 quando
2446 2356 2613 2420 fiunt
2648 2356 2895 2420 volun-

661 2455 846 2529 tatis,
887 2463 957 2517 et
1003 2454 1160 2517 inde
1205 2451 1418 2527 actus,
1457 2464 1794 2517 vocantur
1838 2454 2039 2528 bona,
2080 2453 2201 2516 sed
2248 2454 2429 2516 bona
2474 2451 2893 2534 spiritualia3

658 2567 833 2630 quae
869 2550 1024 2630 quia
1061 2557 1223 2611 tunc
1257 2547 1425 2611 fiunt
1463 2549 1713 2610 amoris
1751 2547 2041 2622 illorum,
2076 2549 2335 2611 intrant
2372 2546 2611 2620 vitam,
2646 2557 2721 2610 et
2760 2546 2893 2609 for-

660 2652 852 2705 mant
911 2641 1119 2705 illam.
1239 2641 1353 2704 Ex
1413 2641 1518 2704 his
1570 2661 1839 2724 quoque
1900 2651 2094 2723 patet
2155 2641 2337 2723 quod
2397 2641 2543 2704 vita
2602 2639 2895 2721 cujusvis

659 2736 952 2800 hominis
990 2739 1078 2800 sit
1125 2757 1216 2800 ex
1253 2737 1569 2819 operibus
1605 2736 1768 2817 ejuS‚
1811 2739 1965 2818 quia
2002 2733 2267 2800 affeetio
2304 2755 2477 2818 quae
2512 2734 2896 2798 voluntatis

657 2837 729 2892 et
776 2830 1114 2910 cogitatio
1167 2849 1340 2912 quae
1391 2827 1786 2892 intellectus
1840 2831 1908 2892 in
1964 2828 2095 2892 illis
2151 2830 2623 2902 terminantur,
2672 2838 2747 2891 et
2800 2830 2895 2892 sic

657 2923 1009 3000 existunt;
1072 2944 1244 3006 quae
1299 2924 1424 2987 nisi
1480 2925 1893 2988 terminatae
1945 2933 2127 2996 sunt,
2184 2932 2509 3005 pereunt:
2570 2922 2897 2987 voluntas

658 3017 840 3080 enim
887 3037 1024 3081 non
1071 3020 1312 3081 existit
1351 3019 1475 3081 nisi
1521 3015 1746 3081 activa
1781 3017 1941 3094 fiat3
1997 3027 2067 3081 et
2115 3019 2168 3080 si
2216 3038 2351 3081 non
2390 3018 2714 3080 voluntas
2760 3027 2891 3090 est,-

657 3111 832 3192 perit
879 3109 1290 3185 intellectu&
1340 3121 1410 3175 et
1465 3121 1776 3174 remanet
1830 3110 2051 3174 solum
2105 3110 2394 3174 facultas
2440 3110 2895 3192 intelligendi.

659 3202 836 3284 Quia
873 3225 1063 3267 amor
1095 3225 1326 3269 eorum
1366 3215 1471 3269 est
1511 3225 1702 3267 arnor
1733 3207 1895 3280 veri,
1930 3205 2085 3268 ideo
2123 3225 2244 3287 pro
2284 3207 2600 3286 proximo
2635 3225 2894 3287 agnos·

657 3308 822 3362 cunt
842 3318 1074 3362 verum
1101 3296 1276 3372 actu,
1301 3300 1480 3382 quod
1509 3309 1795 3362 vocatur
1817 3299 2071 3362 bonum
2097 3299 2443 3380 spirituale
2468 3320 2483 3376 3
2516 3300 2614 3363 ita
2639 3299 2897 3362 bonum

659 3391 1013 3467 ecclesiae,
1047 3394 1302 3456 bonum
1335 3395 1691 3457 societatis
1728 3395 1797 3456 in
1832 3413 1967 3476 qua
2004 3403 2187 3468 sunt,
2221 3393 2473 3455 bonum
2512 3394 2899 3456 concivium

658 3487 727 3549 in
774 3487 1132 3560 societate,
1182 3488 1464 3569 proinde
1509 3490 1721 3550 etiam
1776 3487 2029 3550 bonum
2076 3488 2333 3550 morale
2378 3487 2561 3569 quod
2608 3497 2899 3550 vocatur

659 3581 1016 3656 sincerum,
1075 3591 1146 3644 et
1201 3582 1454 3644 bonum
1507 3581 1707 3644 civile
1759 3581 1942 3663 quod
1996 3591 2285 3644 vocatur
2327 3579 2623 3661 justum:
2688 3601 2897 3663 quare

658 3693 850 3737 amor
887 3693 1119 3738 eorum
1165 3695 1328 3756 erga
1374 3677 1759 3758 proximum
1798 3675 2007 3738 etiam
2046 3677 2362 3738 consistit
2408 3675 2475 3736 in
2522 3676 2895 3747 exercitiis.

659 3788 834 3851 quae
879 3781 1038 3833 sunt
1078 3790 1328 3852 opera;
1382 3789 1622 3833 omnes
1660 3772 1868 3832 etiam
1916 3771 2005 3833 ibi
2054 3791 2211 3832 usus
2248 3779 2507 3842 amant,
2548 3789 2626 3832 ac
2668 3771 2898 3833 intenss

659 3863 832 3926 dunt
887 3865 1222 3946 operibuS,
1282 3884 1402 3946 per
1459 3885 1632 3946 quae
1686 3865 2147 3946 cogitationes
2202 3884 2357 3926 suas
2410 3873 2653 3926 tenent
2710 3866 2899 3947 quasi

659 3957 866 4030 domi,
907 3968 977 4020 et
1017 3960 1332 4021 detinent
1380 3957 1468 4020 ab
1514 3960 1679 4032 otio,
1720 3959 1901 4040 quod
1950 3968 2079 4032 est,
2120 3959 2295 4020 sicut
2342 3959 2551 4020 etiam
2587 3969 2897 4032 vocatur,

662 4048 974 4133 pulvinar
1019 4051 1293 4114 diaboli.
1385 4050 1624 4116 Sciunt
1672 4053 1854 4133 quod
1900 4071 2035 4115 non
2082 4051 2195 4114 alii
2240 4053 2504 4133 possint
2552 4053 2619 4114 in
2665 4071 2899 4116 amore

660 4145 987 4228 spirituali
1015 4147 1231 4208 teneri
1257 4165 1460 4228 quam
1493 4147 1604 4228 qui
1630 4146 2003 4228 jucundum
2038 4148 2103 4208 in
2136 4145 2451 4228 operibus
2474 4147 2898 4228 percipiunt:

659 4241 729 4304 hi
778 4240 846 4303 in
891 4257 1012 4302 sua
1056 4237 1411 4303 affectione
1457 4251 1647 4304 stata
1692 4251 1873 4315 sunt,
1915 4241 2151 4323 reliqui
2197 4243 2263 4302 in
2318 4243 2503 4304 omni
2554 4250 2625 4304 et
2682 4243 2777 4304 sic
2834 4233 2899 4304 in

664 4333 872 4409 nulla,
919 4353 1075 4396 nam
1119 4335 1526 4416 divagantur
1561 4355 1698 4417 quo
1734 4334 2129 4416 voluptates
2174 4345 2243 4397 et
2292 4335 2707 4417 cupiditates
2746 4335 2900 4398 illos

660 4428 902 4493 serunt.
1015 4426 1271 4508 Angeli
1333 4428 1610 4491 secundi
1672 4427 1842 4491 caeli
1896 4429 2126 4502 etiam,
2182 4429 2357 4491 sicut
2419 4428 2649 4509 angeli
2712 4430 2899 4494 tertii

660 4521 853 4597 caeli,
889 4522 1204 4584 habitant
1236 4517 1539 4585 distincti
1573 4524 1641 4584 in
1674 4523 2090 4599 societates;
2140 4532 2212 4585 at
2245 4522 2486 4585 horum
2522 4525 2898 4586 societates

659 4627 816 4681 sunt
862 4636 1062 4699 supra
1121 4616 1406 4692 illorum,
1456 4627 1735 4699 propter
1778 4615 2103 4679 influxum
2159 4618 2404 4680 amoris
2452 4615 2769 4681 caelestis
2820 4617 2887 4679 in
