3259 5384
950 661 1109 712 cAP.
1144 661 1299 725 κη,
1332 660 1539 711 vans.
1573 660 1796 730 9.—-N.
1831 644 2089 729 740[a].
2201 616 2208 625 ’
2472 668 2640 735 2073

356 834 513 899 rius
591 854 735 899 non
796 833 927 898 illis
982 832 1381 911 afficiantur,
1444 835 1664 897 minus
1723 831 2171 910 delectentur,
2234 834 2358 899 sed
2421 834 2646 901 solum

356 928 781 993 afficiuntur
803 938 875 995 et
898 926 1329 993 delectantur
1352 929 1694 1010 corporeis
1723 940 1795 993 et
1829 930 2209 1005 mundanis,
2239 950 2443 1013 usque
2469 932 2645 995 adeo

358 1032 445 1087 ut
497 1022 846 1087 caelestia
878 1020 1253 1104 respetstive
1298 1022 1489 1085 nihili
1533 1022 1876 1105 pendant:
1934 1024 2166 1099 verbe,
2207 1042 2532 1105 corporea
2573 1035 2645 1089 et

358 1118 743 1181 mundana
776 1137 975 1199 super
1010 1117 1239 1181 omnia
1282 1125 1539 1193 amant,
1579 1126 1652 1181 et
1690 1116 2015 1181 caelestia
2050 1118 2270 1181 solum
2314 1128 2391 1181 ut
2435 1121 2644 1182 servi·

358 1212 493 1288 tia,
540 1213 647 1275 sic
697 1220 773 1275 ut
816 1210 933 1289 illa
971 1230 1141 1293 quae
1178 1211 1481 1291 corporis
1516 1220 1589 1275 et
1635 1211 1868 1274 mundi
1905 1220 2086 1285 sunt,
2127 1212 2375 1275 faciant
2415 1223 2642 1293 caput,

360 1326 447 1369 ac
502 1305 847 1369 caelestia
891 1305 1119 1387 pedes.
1209 1304 1415 1370 Tales
1468 1314 1627 1368 sunt
1677 1306 1832 1388 quia
1875 1306 2087 1368 vitam
2135 1304 2322 1368 nihili
2367 1305 2641 1381 faciunt,

359 1400 709 1464 dicentes
767 1400 949 1483 quod
1006 1398 1155 1462 sola
1211 1398 1377 1463 fides
1436 1399 1680 1475 salvet,
1735 1408 1808 1463 et
1869 1420 2004 1463 non
2063 1399 2336 1481 aliquod
2390 1400 2644 1465 bonum

360 1496 615 1559 vitae:
683 1494 840 1558 inde
892 1503 997 1559 est
1051 1494 1232 1577 quod
1278 1492 1530 1557 diaboli
1574 1503 1647 1557 et
1691 1503 1974 1557 satanae
2019 1493 2176 1575 sint,
2226 1514 2384 1559 nam
2437 1496 2644 1560 homo

360 1588 543 1652 talis
582 1599 699 1652 est
736 1588 951 1671 qualis
996 1598 1103 1651 est
1139 1590 1437 1665 interius,
1478 1597 1549 1651 et
1597 1608 1734 1651 non
1773 1588 1988 1671 qualis
2034 1599 2139 1652 est
2185 1589 2404 1652 solum
2442 1600 2641 1654 exte·

361 1684 538 1759 rim,
578 1684 715 1746 nisi
743 1683 1043 1746 exterius
1074 1682 1389 1765 loquatur
1420 1692 1489 1746 et
1528 1691 1693 1764 agat
1730 1704 1820 1745 ex
1852 1684 2189 1746 interiori:
2240 1683 2398 1746 talis
2435 1686 2644 1748 etiam

362 1789 625 1841 manet
678 1788 835 1859 post
880 1787 1211 1855 mortem;
1267 1796 1424 1839 nam
1469 1776 1689 1860 qualis
1733 1777 1940 1840 homo
1985 1789 2090 1840 est
2138 1778 2436 1853 interiuS,
2486 1779 2642 1841 talis

362 1874 599 1937 etiam
647 1881 758 1935 est
802 1873 1022 1955 quoad
1070 1872 1399 1953 spiritum,
1439 1879 1509 1933 et
1556 1872 1828 1953 spiritus
1874 1872 2164 1934 hominis
2210 1882 2313 1935 est
2354 1870 2638 1949 affectio,

364 1987 465 2030 ex
516 1988 667 2051 qua
703 1966 1019 2030 voluntas
1063 1976 1135 2029 et
1179 1965 1336 2029 inde
1383 1966 1525 2028 vita
1549 1986 1566 2043 ;
1622 1966 1782 2028 inde
1827 1966 2128 2047 sequitur
2164 1965 2344 2047 quod
2392 1966 2485 2028 illi
2531 1968 2644 2049 qui

364 2060 575 2125 nihili
609 2060 869 2125 faciunt
901 2060 1132 2135 vitam,
1166 2059 1445 2122 interius
1476 2058 1729 2121 diaboli
1760 2068 1832 2123 et
1864 2068 2146 2122 satanae
2179 2060 2335 2135 sint,
2369 2069 2440 2122 et
2473 2079 2639 2142 quo·

366 2177 511 2238 que
578 2164 747 2236 post
798 2150 1117 2217 exactam
1169 2154 1379 2215 vitam
1441 2153 1507 2215 in
1568 2153 1848 2229 mundo,
1906 2154 2064 2215 dum
2127 2151 2294 2216 fiunt
2347 2153 2638 2234 spiritum,

366 2250 647 2313 diaboli
683 2258 751 2312 et
784 2258 1063 2312 satanae
1096 2246 1281 2310 fiant.
1372 2244 1575 2327 Quod
1608 2248 1921 2311 dicantur
1956 2246 2320 2310 “diabolus
2352 2258 2422 2311 et
2455 2258 2638 2311 sata-

368 2344 568 2421 naS,”
602 2352 716 2407 est
746 2344 901 2426 quia
932 2362 1049 2424 per
1077 2348 1117 2376 ‘⁴
1136 2340 1479 2405 diabolum
1494 2341 1525 2366 ”
1556 2342 1974 2423 significatur
2005 2342 2356 2416 infernum,
2391 2344 2643 2423 pariter

369 2460 501 2521 per
546 2436 989 2513 “satanam,'’
1026 2436 1146 2500 sed
1192 2455 1312 2518 per
1352 2442 1391 2469 ‘⁴
1415 2435 1761 2499 diabolum
1777 2436 1808 2461 ''
1852 2434 2268 2517 significatur
2312 2436 2640 2501 infernum

369 2534 571 2597 unde
618 2530 827 2606 mala,
864 2540 936 2596 et
981 2551 1101 2613 per
1140 2528 1555 2593 “satanam'’
1592 2530 1923 2593 infernum
1969 2530 2148 2593 unde
2193 2530 2400 2610 falsa;
2455 2532 2638 2613 quod

368 2628 511 2691 hoc
562 2626 905 2690 infernum
950 2626 1213 2689 dicatur
1257 2622 1570 2701 SatanaS,
1618 2634 1726 2687 est
1780 2626 1934 2707 quia
1979 2644 2218 2687 omnes
2268 2626 2382 2708 qui
2431 2626 2499 2689 in
2553 2646 2636 2689 eo

370 2732 551 2785 sunt
614 2732 953 2783 vocantur
1002 2729 1326 2799 satanae;
1393 2730 1465 2783 et
1524 2720 1709 2803 quod
1768 2719 1935 2783 illud
1993 2720 2322 2783 infernum
2376 2720 2640 2783 dicatur

372 2814 751 2890 DiaboluS,
799 2824 906 2878 est
957 2816 1111 2897 quia
1164 2834 1401 2878 omnes
1453 2816 1565 2896 qui
1624 2814 1717 2877 ibi
1768 2824 1928 2877 sunt
1979 2815 2294 2877 dicuntur
2346 2813 2636 2878 diaboli:

372 2909 575 2992 quod
646 2928 787 2972 non
850 2908 1087 2991 aliquis
1152 2907 1460 2972 diabolus
1526 2917 1595 2971 et
1662 2918 1940 2972 satanas
1999 2918 2160 2971 ante
2227 2910 2642 2985 creationem

374 3004 631 3068 mundi
670 3003 885 3080 suerit,
922 3004 1033 3087 qui
1071 3003 1283 3067 suerat
1320 3003 1485 3067 lucis
1520 3003 1830 3085 angeluS,
1871 3014 1940 3067 et
1981 3015 2220 3085 postea
2257 3024 2410 3067 cum
2444 3003 2644 3066 turba

376 3119 511 3161 sua
553 3095 862 3178 dejestus
904 3098 972 3161 in
1008 3097 1361 3171 infernum,
1401 3108 1717 3162 constare
1762 3107 1996 3178 potest
2042 3119 2132 3160 ex
2180 3098 2309 3160 illis
2356 3117 2526 3179 quae
2573 3099 2640 3159 in

374 3214 605 3277 opere
630 3192 735 3257 De
762 3192 961 3258 Caelo
980 3204 1048 3257 et
1073 3194 1351 3274 Inferna
1380 3210 1450 3269 (n.
1473 3210 1709 3267 311-316)
1741 3203 2024 3256 ostensa
2056 3203 2238 3268 sunt,
2266 3194 2378 3256 ubi
2409 3194 2639 3257 aestum

374 3296 492 3350 est
548 3285 639 3348 de
684 3306 791 3361 eo,
843 3283 1045 3366 Quod
1099 3284 1383 3350 Caelum
1442 3294 1515 3349 et
1575 3284 1921 3348 Infernum
1981 3287 2116 3349 sint
2177 3305 2268 3349 ex
2317 3284 2639 3349 Humano

376 3378 688 3443 Genere.
778 3376 1143 3443 Sciendum
1188 3389 1294 3443 est
1340 3379 1522 3461 quod
1567 3381 1703 3442 sint
1742 3380 1877 3443 duo
1921 3400 2136 3461 regna
2178 3381 2244 3442 in
2282 3399 2454 3462 quae
2499 3380 2637 3443 dis-

378 3470 595 3537 tinen
618 3482 779 3535 sunt
800 3473 991 3549 caeli,
1010 3493 1253 3555 nempe
1274 3493 1559 3555 regnum
1577 3472 1876 3536 caeleste
1898 3483 1968 3537 et
1989 3492 2273 3555 regnum
2295 3474 2642 3555 spirituale

380 3588 473 3643 (de
503 3586 695 3644 quibus
721 3584 864 3630 etiam
884 3585 1105 3631 videatur
1123 3598 1248 3644 opus
1277 3586 1355 3631 De
1380 3586 1590 3631 Coelae!
1615 3586 1823 3646 Inferna.
1853 3598 1901 3632 n.
1931 3584 2124 3645 20-28).
2213 3568 2343 3632 His
2374 3570 2642 3633 duobus

376 3668 629 3749 regnis
662 3686 751 3728 ex
776 3666 1095 3746 opposito
1120 3667 1656 3747 correspondent
1685 3665 1819 3728 duo
1843 3686 2056 3746 regna
2087 3665 2154 3727 in
2179 3686 2350 3748 quae
2383 3666 2642 3729 inferna

380 3756 725 3825 distinCta
773 3768 973 3839 sunt;
1038 3780 1253 3841 regno
1305 3759 1585 3823 caelesti
1639 3780 1730 3822 ex
1780 3761 2098 3840 opposito
2151 3760 2642 3841 correspondet

380 3872 690 3937 regnum
726 3850 1050 3916 infernale
1089 3853 1270 3935 quod
1306 3874 1397 3917 ex
1434 3852 1722 3917 diabolis
1760 3854 2098 3929 consistit,
2132 3863 2203 3916 et
2241 3853 2398 3916 inde
2436 3873 2640 3917 voca-

382 3960 506 4013 tur
542 3947 915 4026 Diabolus;
962 3958 1033 4011 et
1065 3968 1281 4029 regno
1312 3947 1641 4029 spirituali
1672 3969 1762 4010 ex
1795 3949 2114 4031 opposito
2153 3948 2641 4029 correspondet

378 4061 685 4125 regnum
717 4040 1037 4105 infernale
1070 4042 1253 4125 quod
1284 4062 1375 4105 ex
1409 4044 1666 4105 satanis
1697 4043 2032 4117 consistit,
2066 4050 2138 4105 et
2172 4042 2326 4104 inde
2358 4052 2642 4105 vocatur

383 4137 713 4202 Satanas,
780 4136 874 4199 Et
900 4136 1053 4218 quia
1075 4155 1361 4217 regnum
1382 4136 1679 4200 caeleste
1701 4137 2012 4199 consistit
2034 4156 2124 4198 ex
2152 4134 2411 4217 angelis
2436 4136 2546 4218 qui
2572 4136 2640 4199 in

382 4251 633 4297 amore
656 4230 725 4293 in
745 4228 1111 4293 Dominum
1136 4239 1315 4305 sunt,
1342 4229 1439 4293 ita
1462 4250 1748 4311 regnum
1774 4229 2097 4294 infernale
2123 4249 2336 4311 regno
2362 4230 2645 4293 caelesti

384 4348 483 4391 ex
512 4325 839 4406 opposito
864 4324 1403 4405 correspondens
1426 4324 1738 4387 consistit
1760 4344 1850 4386 ex
1872 4323 2160 4387 diabolis
2184 4324 2293 4405 qui
2319 4324 2384 4385 in
2411 4343 2642 4387 amore

386 4422 496 4483 sui
529 4427 731 4497 sunt3
778 4418 937 4481 inde
972 4427 1079 4481 est
1117 4417 1299 4500 quod
1337 4437 1426 4480 ex
1464 4417 1583 4481 illo
1613 4417 1874 4482 inferno
1906 4418 2086 4481 mala
2116 4419 2337 4480 omnis
2372 4417 2642 4498 generis

387 4512 721 4578 effluant:
769 4521 840 4575 et
879 4512 1033 4595 quia
1067 4531 1352 4594 regnum
1385 4512 1730 4593 spirituale
1767 4512 2079 4575 consistit
2111 4532 2200 4574 ex
2234 4511 2496 4593 angelis
2527 4512 2640 4593 qui

388 4608 465 4672 in
518 4606 859 4671 charitate
916 4624 1081 4689 erga
1136 4606 1522 4689 proximum
1582 4616 1760 4684 sunt,
1815 4608 1913 4671 ita
1970 4624 2258 4688 regnum
2313 4605 2642 4690 infernale
