3259 5384
882 692 1040 743 cAP.
1076 692 1230 754 κη,
1264 692 1473 743 VERs.
1510 693 1726 762 5.—-N.
1758 678 2012 763 727sbJ.
2381 698 2554 749 ‚2021

334 862 675 945 fringere,”
706 856 1131 947 confringere
1170 864 1349 927 enim
1389 865 1818 947 praedicatur
1854 866 1939 929 de
1971 864 2158 947 juge,
2198 865 2446 929 baculo
2491 875 2561 929 et

332 957 533 1038 virga,
577 967 650 1021 at
680 959 1034 1025 destruere
1071 959 1157 1021 de
1196 958 1379 1021 malo
1414 968 1489 1022 et
1525 958 1718 1034 salsO,
1753 980 1925 1041 quae
1963 960 2263 1041 graviter
2296 960 2558 1023 incum-

329 1051 513 1123 bunt,
554 1061 628 1114 et
675 1061 999 1134 potenter
1044 1046 1477 1134 persuadent,
1518 1063 1591 1117 et
1626 1053 1716 1117 ad
1753 1053 2208 1119 obediendum
2255 1052 2558 1136 compel-

330 1144 491 1210 lunt.
586 1146 795 1228 Apud
826 1147 1142 1223 eundem,

418 1278 508 1330 “A
536 1294 672 1330 voce
701 1280 940 1344 Jehovae
974 1282 1409 1331 consternabitur
1438 1281 1662 1341 Aschur,
1691 1282 1882 1331 baculo
1917 1283 2268 1345 percutietur:
2306 1291 2432 1332 tunc
2460 1283 2560 1332 erit

580 1346 763 1395 omnis
798 1345 1055 1395 transitus
1090 1348 1272 1408 virgae
1313 1346 1667 1406 fundamenti,
1703 1362 1863 1410 super
1897 1362 2002 1412 quo
2037 1348 2196 1397 faciet
2231 1348 2559 1411 requiescere

574 1408 839 1475 Jehovah‚
864 1426 985 1461 cum
1010 1413 1283 1475 tympanis
1307 1422 1363 1461 et
1384 1412 1645 1462 citharis”
1667 1413 1812 1475 (xxx.
1837 1424 1916 1474 31,
1941 1412 2056 1476 32):

367 1569 481 1621 aec
518 1550 613 1613 de
646 1559 956 1632 tempore
988 1548 1208 1614 ultimi
1246 1548 1499 1631 judicii,
1537 1550 1812 1633 quando
1859 1552 2067 1614 etiam
2105 1571 2286 1614 nova
2331 1551 2554 1614 eccle·

322 1645 445 1707 sia:
493 1666 621 1727 per
649 1650 688 1677 ‘⁶
708 1645 1155 1720 Aschurem,”
1179 1648 1290 1729 qui
1320 1652 1417 1707 “a
1448 1666 1618 1709 voce
1645 1644 1948 1727 Jehovae
1981 1646 2550 1721 consternabitur,

322 1749 387 1803 et
430 1739 681 1803 baculo
734 1740 1206 1822 percutietur,”
1252 1738 1672 1823 significatur
1718 1742 2150 1804 ratiocinatio
2202 1762 2291 1803 ex
2345 1740 2548 1815 falsis,

321 1854 481 1915 quae
527 1855 651 1917 per
699 1833 1020 1897 Divinum
1068 1834 1327 1898 Verum
1372 1835 1914 1917 dissipabuntur:
1962 1834 2144 1917 quod
2183 1843 2345 1897 tunc
2392 1854 2554 1898 vera

322 1948 545 1992 sensus
579 1928 902 1992 litteralis
936 1928 1149 1992 Verbi
1187 1948 1339 1993 curn
1364 1928 1630 2011 ‘gaudio
1669 1925 2078 1993 intellecturi
2116 1938 2187 1992 et
2217 1931 2551 2010 recepturi

320 2023 465 2097 sint,
499 2023 925 2106 significatur
962 2043 1082 2106 per
1114 2025 1296 2106 quod
1332 2028 1554 2087 “tunc
1596 2022 1726 2087 erit
1763 2024 2094 2086 transitus
2130 2024 2364 2104 virgae
2402 2023 2548 2087 fun-

321 2117 611 2182 damenti
648 2138 805 2181 cum
839 2120 1189 2201 tympanis
1226 2128 1299 2182 et
1338 2118 1617 2183 citharis
1648 2116 1700 2195 3²²
1749 2116 2134 2181 “transitus
2150 2116 2180 2141 ’³
2211 2116 2550 2198 significat

319 2210 837 2293 patefaefionem
892 2223 963 2276 et
1017 2212 1298 2276 liberam
1351 2213 1840 2294 receptionem,
1895 2232 1973 2275 ac
2033 2216 2424 2293 “tympana
2475 2222 2546 2275 et

320 2306 661 2371 citharae”
710 2306 1100 2388 significant
1154 2303 1526 2370 affectionis
1580 2296 1722 2369 veri
1767 2304 2104 2387 jucunda:
2161 2307 2342 2389 quod
2390 2325 2549 2369 vera

321 2419 540 2464 sensus
572 2401 895 2465 litteralis
927 2401 1143 2465 Verbi
1174 2422 1294 2484 per
1328 2406 1369 2434 “
1390 2403 1654 2483 virgam
1702 2399 2124 2465 fundamenti
2139 2399 2170 2425 ”
2200 2400 2544 2482 intelliga-

319 2503 434 2567 tur,
469 2506 574 2559 est
608 2496 769 2579 quia
808 2494 921 2559 ille
962 2516 1200 2559 sensus
1232 2506 1338 2560 est
1375 2495 1897 2559 fundamentum
1928 2496 2104 2558 veris
2137 2515 2376 2557 sensus
2408 2496 2544 2577 spi-

318 2590 560 2653 ritualis
587 2591 755 2673 ejuS‚
786 2602 855 2654 et
882 2593 1038 2674 quia
1070 2591 1177 2655 hic
1205 2611 1405 2674 super
1430 2591 1549 2654 illo
1574 2586 1960 2673 requiescit,
1989 2591 2254 2665 dicitur,
2287 2595 2326 2623 ‘⁶
2346 2611 2546 2673 super

317 2702 439 2764 quo
468 2685 673 2749 saciet
709 2687 1131 2768 requiescere
1160 2685 1532 2767 Jehovah.”
1619 2684 1830 2767 Apud
1865 2684 2288 2760 Sachariam,

404 2826 431 2847 ‘⁴
448 2825 747 2888 Dejicietur
769 2826 1021 2889 superbia
1040 2826 1318 2885 Aschuris,
1343 2834 1397 2875 et
1418 2826 1640 2875 baculus
1663 2826 1900 2889 Aegypti
1923 2826 2136 2876 recedet
2149 2825 2180 2846 '⁹
2202 2824 2271 2887 (x.
2301 2824 2411 2889 11)z

316 2980 424 3041 per
462 2962 909 3045 “superbiam
947 2960 1326 3027 Aschuris'’
1362 2960 1786 3043 significatur
1823 2962 2040 3025 fastus
2085 2964 2393 3045 propriae
2440 2964 2542 3029 in-

315 3054 732 3137 telligentiae
758 3076 774 3133 ;
800 3065 873 3119 et
895 3075 1014 3137 per
1029 3061 1069 3087 “
1086 3056 1401 3119 baculum
1419 3054 1732 3139 Aegypti
1749 3055 2213 3137 ”significatur
2230 3058 2546 3139 potentia

314 3168 395 3211 ex
450 3149 974 3214 confirmatione
1029 3149 1349 3213 falsorum
1409 3149 1549 3233 ejus
1610 3171 1730 3233 per
1782 3149 2156 3215 scientifica
2216 3151 2542 3215 naturalis

311 3242 611 3309 hominis.
706 3244 917 3327 Apud
947 3242 1253 3320 Esaiam,

400 3376 553 3428 “Vae
577 3378 809 3437 Asehun
836 3378 987 3441 virga
1010 3378 1120 3428 irae
1144 3393 1312 3438 meae,
1337 3388 1393 3429 et
1415 3379 1652 3438 baculus,
1677 3380 1766 3443 qui
1796 3380 1852 3429 in
1880 3394 2044 3429 rnanu
2069 3394 2272 3439 eorum,
2297 3380 2543 3443 indigna-

558 3445 727 3494 tionis
758 3460 911 3493 meae
932 3458 969 3501 :-
988 3482 1003 3493 .
1021 3482 1035 3495 .
1055 3460 1148 3495 .ne
1186 3445 1329 3504 time,
1358 3445 1577 3507 popule.
1598 3482 1636 3504 .,
1666 3446 1934 3495 habitator
1963 3444 2161 3504 Zionis,
2186 3447 2255 3493 ab
2284 3446 2541 3504 Aschure,

553 3510 703 3637 &1031
724 3510 879 3634 {2¹13}
891 3510 1155 3637 {gentiat
1179 3520 1247 3569 te,
1268 3521 1320 3558 et
1340 3511 1609 3559 baculum.
1631 3548 1644 3559 .
1657 3510 1809 3559 tollat
1827 3524 1988 3573 super
2007 3519 2061 3559 te
2079 3511 2133 3559 in
2154 3511 2242 3560 via
2260 3512 2496 3573 Aegypti
2512 3510 2542 3531 '⁰

308 3724 417 3787 per
442 3711 481 3736 ‘⁴
502 3703 943 3771 Aschurem”
967 3704 1177 3769 etiam
1208 3702 1317 3767 hic
1353 3702 1822 3785 significantur
1852 3705 2414 3768 ratiocinationes
2448 3724 2538 3768 ex

308 3802 563 3882 propria
600 3798 1089 3880 intelligentia,
1125 3819 1244 3881 per
1274 3819 1441 3881 quas
1479 3808 1959 3882 pervertuntur
1993 3809 2061 3863 et
2101 3798 2541 3863 falsificantur

307 3912 493 3971 vera3
562 3893 740 3957 falsa
792 3893 972 3968 inde,
1027 3903 1099 3956 et
1160 3891 1626 3973 perversiones
1681 3894 1843 3967 veri,
1899 3891 2369 3975 significantur
2421 3914 2542 3976 per

311 3990 615 4070 “virgam
655 3990 795 4051 irae
836 3986 1088 4061 meae,”
1127 3996 1198 4049 et
1246 4008 1365 4069 per
1404 3986 1777 4050 “baculum
1817 3989 2304 4069 indignationis
2345 4008 2540 4051 meae

306 4082 405 4162 qui
457 4086 523 4145 in
578 4102 790 4145 manu
836 4080 1145 4144 eorum:”
1204 4081 1383 4163 quod
1439 4100 1577 4144 non
1629 4091 2106 4163 pervertentur
2150 4102 2313 4145 vera
2361 4083 2538 4165 apud

306 4174 447 4239 illos
484 4177 597 4259 qui
636 4176 729 4239 ab
765 4174 1058 4238 ecclesia
1098 4174 1167 4237 in
1205 4174 1488 4238 caelesti
1535 4195 1766 4237 amore
1813 4184 1972 4239 sunt
2019 4186 2090 4240 et
2136 4176 2294 4240 inde
2339 4178 2534 4250 veriS,

304 4270 717 4351 significatur
752 4290 873 4351 per
910 4268 1075 4331 “Ne
1114 4270 1299 4343 time,
1335 4268 1686 4333 habitator
1723 4268 1952 4333 Zionis
1977 4269 2031 4332 :”
2074 4272 2256 4354 quod
2294 4270 2537 4334 salsum

306 4362 500 4428 instet
532 4374 605 4428 et
645 4364 935 4439 excitet,
969 4384 1049 4427 ac
1084 4383 1203 4445 per
1234 4363 1419 4439 talia,
1454 4384 1627 4448 quae
1660 4374 1819 4427 sunt
1853 4363 2178 4427 naturalis
2218 4364 2534 4441 hominiS,

305 4469 683 4539 pervertere
706 4469 1013 4533 conetur,
1030 4456 1448 4539 significatur
1469 4458 1785 4541 perquod
1809 4463 1848 4490 “
1867 4460 2058 4539 virga
2077 4460 2420 4543 percutiat
2442 4469 2533 4532 te,

304 4563 367 4615 et
394 4554 715 4617 baculum
748 4551 951 4617 tollat
984 4572 1183 4635 super
1214 4562 1285 4617 te
1318 4553 1385 4617 in
1417 4552 1525 4615 via
1551 4551 1865 4635 Aegypti
1889 4552 1944 4633 ;”
1985 4555 2151 4617 “via
2176 4553 2489 4637 Aegypti
2507 4554 2534 4579 ’⁸

304 4647 627 4729 significat
662 4646 1042 4713 scientifica
1074 4648 1399 4713 naturalis
1430 4647 1748 4726 hominiS,
1776 4670 1866 4712 ex
1893 4648 2134 4732 quibus
2166 4651 2531 4713 ratiocina-
