<?xml version="1.0" encoding="UTF-8"?>
<!DOCTYPE html PUBLIC "-//W3C//DTD XHTML 1.0 Transitional//EN"
    "http://www.w3.org/TR/xhtml1/DTD/xhtml1-transitional.dtd">
<html xmlns="http://www.w3.org/1999/xhtml" xml:lang="en" lang="en">
 <head>
  <title>
</title>
<meta http-equiv="Content-Type" content="text/html;charset=utf-8" />
  <meta name='ocr-system' content='tesseract 3.04.00' />
  <meta name='ocr-capabilities' content='ocr_page ocr_carea ocr_par ocr_line ocrx_word'/>
</head>
<body>
  <div class='ocr_page' id='page_1' title='image "./apocalypsisexpl00unkngoog_0468.png"; bbox 0 0 3259 5384; ppageno 0'>
   <div class='ocr_carea' id='block_1_1' title="bbox 602 660 2225 734">
    <p class='ocr_par' dir='ltr' id='par_1_1' title="bbox 602 660 2225 734">
     <span class='ocr_line' id='line_1_1' title="bbox 602 660 2225 734; baseline -0.004 -18"><span class='ocrx_word' id='word_1_1' title='bbox 602 667 774 734; x_wconf 84' lang='lat'>2370</span> <span class='ocrx_word' id='word_1_2' title='bbox 1219 661 1727 716; x_wconf 78' lang='lat' dir='ltr'>APOCALYPSIS</span> <span class='ocrx_word' id='word_1_3' title='bbox 1772 660 2225 714; x_wconf 77' lang='lat' dir='ltr'>EXPLICATA.</span> 
     </span>
    </p>
   </div>
   <div class='ocr_carea' id='block_1_2' title="bbox 603 828 2868 1692">
    <p class='ocr_par' dir='ltr' id='par_1_2' title="bbox 603 828 2868 1564">
     <span class='ocr_line' id='line_1_2' title="bbox 603 828 2863 916; baseline -0.002 -20"><span class='ocrx_word' id='word_1_4' title='bbox 603 833 742 896; x_wconf 89' lang='lat' dir='ltr'>sint</span> <span class='ocrx_word' id='word_1_5' title='bbox 779 853 981 916; x_wconf 91' lang='lat' dir='ltr'>super</span> <span class='ocrx_word' id='word_1_6' title='bbox 1011 833 1374 898; x_wconf 86' lang='lat' dir='ltr'>duodecim</span> <span class='ocrx_word' id='word_1_7' title='bbox 1409 831 1697 906; x_wconf 60' lang='lat' dir='ltr'>thronis„</span> <span class='ocrx_word' id='word_1_8' title='bbox 1731 841 1801 894; x_wconf 89' lang='lat' dir='ltr'>et</span> <span class='ocrx_word' id='word_1_9' title='bbox 1835 830 2194 912; x_wconf 88' lang='lat' dir='ltr'>judicaturi</span> <span class='ocrx_word' id='word_1_10' title='bbox 2227 828 2588 893; x_wconf 86' lang='lat' dir='ltr'>duodecim</span> <span class='ocrx_word' id='word_1_11' title='bbox 2626 828 2863 892; x_wconf 85' lang='lat' dir='ltr'>tribus</span> 
     </span>
     <span class='ocr_line' id='line_1_3' title="bbox 605 922 2863 1010; baseline -0.003 -20"><span class='ocrx_word' id='word_1_12' title='bbox 605 926 898 1002; x_wconf 87' lang='lat' dir='ltr'>Israelis,</span> <span class='ocrx_word' id='word_1_13' title='bbox 939 927 1062 990; x_wconf 91' lang='lat' dir='ltr'>sed</span> <span class='ocrx_word' id='word_1_14' title='bbox 1107 927 1289 1010; x_wconf 93' lang='lat' dir='ltr'>quod</span> <span class='ocrx_word' id='word_1_15' title='bbox 1339 927 1675 990; x_wconf 85' lang='lat' dir='ltr'>Dominus</span> <span class='ocrx_word' id='word_1_16' title='bbox 1714 925 2135 1007; x_wconf 87' lang='lat' dir='ltr'>judicaturus</span> <span class='ocrx_word' id='word_1_17' title='bbox 2180 943 2420 988; x_wconf 89' lang='lat' dir='ltr'>omnes</span> <span class='ocrx_word' id='word_1_18' title='bbox 2466 922 2863 986; x_wconf 84' lang='lat' dir='ltr'>secundum</span> 
     </span>
     <span class='ocr_line' id='line_1_4' title="bbox 604 1017 2865 1104; baseline -0.002 -21"><span class='ocrx_word' id='word_1_19' title='bbox 604 1040 765 1085; x_wconf 88' lang='lat' dir='ltr'>vera</span> <span class='ocrx_word' id='word_1_20' title='bbox 809 1041 904 1086; x_wconf 86' lang='lat' dir='ltr'>ex</span> <span class='ocrx_word' id='word_1_21' title='bbox 941 1022 1134 1085; x_wconf 87' lang='lat' dir='ltr'>-bono</span> <span class='ocrx_word' id='word_1_22' title='bbox 1179 1022 1360 1104; x_wconf 90' lang='lat' dir='ltr'>quod</span> <span class='ocrx_word' id='word_1_23' title='bbox 1405 1021 1494 1084; x_wconf 89' lang='lat' dir='ltr'>ab</span> <span class='ocrx_word' id='word_1_24' title='bbox 1542 1021 1746 1103; x_wconf 87' lang='lat' dir='ltr'>Ipso;</span> <span class='ocrx_word' id='word_1_25' title='bbox 1802 1039 1959 1083; x_wconf 88' lang='lat' dir='ltr'>nam</span> <span class='ocrx_word' id='word_1_26' title='bbox 2007 1039 2124 1102; x_wconf 88' lang='lat' dir='ltr'>per</span> <span class='ocrx_word' id='word_1_27' title='bbox 2175 1019 2595 1097; x_wconf 64' lang='lat' dir='ltr'>ff‘duodecim</span> <span class='ocrx_word' id='word_1_28' title='bbox 2638 1017 2865 1080; x_wconf 87' lang='lat' dir='ltr'>disci-</span> 
     </span>
     <span class='ocr_line' id='line_1_5' title="bbox 605 1112 2865 1199; baseline -0.002 -21"><span class='ocrx_word' id='word_1_29' title='bbox 605 1115 848 1197; x_wconf 88' lang='lat' dir='ltr'>pulos”</span> <span class='ocrx_word' id='word_1_30' title='bbox 903 1114 1370 1199; x_wconf 86' lang='lat' dir='ltr'>significantur</span> <span class='ocrx_word' id='word_1_31' title='bbox 1422 1134 1665 1180; x_wconf 87' lang='lat' dir='ltr'>omnes</span> <span class='ocrx_word' id='word_1_32' title='bbox 1716 1117 1828 1196; x_wconf 90' lang='lat' dir='ltr'>qui</span> <span class='ocrx_word' id='word_1_33' title='bbox 1880 1115 1969 1177; x_wconf 91' lang='lat' dir='ltr'>ab</span> <span class='ocrx_word' id='word_1_34' title='bbox 2019 1113 2333 1188; x_wconf 86' lang='lat' dir='ltr'>ecclesia,</span> <span class='ocrx_word' id='word_1_35' title='bbox 2386 1122 2458 1176; x_wconf 90' lang='lat' dir='ltr'>et</span> <span class='ocrx_word' id='word_1_36' title='bbox 2518 1112 2587 1174; x_wconf 88' lang='lat' dir='ltr'>in</span> <span class='ocrx_word' id='word_1_37' title='bbox 2640 1130 2865 1174; x_wconf 86' lang='lat' dir='ltr'>sensu</span> 
     </span>
     <span class='ocr_line' id='line_1_6' title="bbox 605 1203 2868 1289; baseline -0.002 -19"><span class='ocrx_word' id='word_1_38' title='bbox 605 1206 968 1270; x_wconf 60' lang='lat' dir='ltr'>abstracto.</span> <span class='ocrx_word' id='word_1_39' title='bbox 1005 1209 1236 1270; x_wconf 89' lang='lat' dir='ltr'>omnia</span> <span class='ocrx_word' id='word_1_40' title='bbox 1271 1207 1632 1282; x_wconf 89' lang='lat' dir='ltr'>ecclesiae,</span> <span class='ocrx_word' id='word_1_41' title='bbox 1672 1227 1844 1289; x_wconf 89' lang='lat' dir='ltr'>quae</span> <span class='ocrx_word' id='word_1_42' title='bbox 1888 1215 2047 1269; x_wconf 87' lang='lat' dir='ltr'>sunt</span> <span class='ocrx_word' id='word_1_43' title='bbox 2090 1225 2255 1268; x_wconf 84' lang='lat' dir='ltr'>vera</span> <span class='ocrx_word' id='word_1_44' title='bbox 2296 1225 2388 1268; x_wconf 87' lang='lat' dir='ltr'>ex</span> <span class='ocrx_word' id='word_1_45' title='bbox 2434 1203 2641 1268; x_wconf 87' lang='lat' dir='ltr'>bono.</span> <span class='ocrx_word' id='word_1_46' title='bbox 2730 1220 2868 1278; x_wconf 80' lang='lat' dir='ltr'>(Sed</span> 
     </span>
     <span class='ocr_line' id='line_1_7' title="bbox 605 1297 2865 1378; baseline -0.001 -20"><span class='ocrx_word' id='word_1_47' title='bbox 605 1313 724 1358; x_wconf 75' lang='lat' dir='ltr'>haec</span> <span class='ocrx_word' id='word_1_48' title='bbox 754 1313 898 1358; x_wconf 65' lang='lat' dir='ltr'>eum</span> <span class='ocrx_word' id='word_1_49' title='bbox 925 1325 1088 1372; x_wconf 72' lang='lat' dir='ltr'>supra.</span> <span class='ocrx_word' id='word_1_50' title='bbox 1113 1326 1164 1360; x_wconf 80' lang='lat' dir='ltr'>n.</span> <span class='ocrx_word' id='word_1_51' title='bbox 1191 1315 1252 1378; x_wconf 84' lang='lat'>9.</span> <span class='ocrx_word' id='word_1_52' title='bbox 1282 1297 1426 1366; x_wconf 86' lang='lat'><strong>206,</strong></span> <span class='ocrx_word' id='word_1_53' title='bbox 1455 1309 1676 1376; x_wconf 71' lang='lat'>253101.</span> <span class='ocrx_word' id='word_1_54' title='bbox 1704 1309 1848 1374; x_wconf 89' lang='lat'>270.</span> <span class='ocrx_word' id='word_1_55' title='bbox 1879 1309 2022 1376; x_wconf 88' lang='lat'>297,</span> <span class='ocrx_word' id='word_1_56' title='bbox 2048 1309 2528 1374; x_wconf 69' lang='lat' dir='ltr'>4301c]‚expuoeta</span> <span class='ocrx_word' id='word_1_57' title='bbox 2552 1309 2865 1366; x_wconf 72' lang='lat' dir='ltr'>videantur.)</span> 
     </span>
     <span class='ocr_line' id='line_1_8' title="bbox 607 1385 2867 1470; baseline -0 -19"><span class='ocrx_word' id='word_1_58' title='bbox 607 1386 867 1452; x_wconf 86' lang='lat' dir='ltr'>Similia</span> <span class='ocrx_word' id='word_1_59' title='bbox 913 1389 1120 1453; x_wconf 89' lang='lat' dir='ltr'>etiam</span> <span class='ocrx_word' id='word_1_60' title='bbox 1169 1388 1636 1470; x_wconf 84' lang='lat' dir='ltr'>significantur</span> <span class='ocrx_word' id='word_1_61' title='bbox 1681 1407 1801 1470; x_wconf 90' lang='lat' dir='ltr'>per</span> <span class='ocrx_word' id='word_1_62' title='bbox 1850 1386 2253 1450; x_wconf 88' lang='lat' dir='ltr'>“seniores’&#39;</span> <span class='ocrx_word' id='word_1_63' title='bbox 2288 1395 2360 1450; x_wconf 90' lang='lat' dir='ltr'>et</span> <span class='ocrx_word' id='word_1_64' title='bbox 2400 1385 2811 1468; x_wconf 86' lang='lat' dir='ltr'>“principes</span> <span class='ocrx_word' id='word_1_65' title='bbox 2830 1385 2867 1409; x_wconf 89' lang='lat'><strong>”</strong></span> 
     </span>
     <span class='ocr_line' id='line_1_9' title="bbox 605 1481 1130 1564; baseline 0.004 -20"><span class='ocrx_word' id='word_1_66' title='bbox 605 1482 786 1564; x_wconf 88' lang='lat' dir='ltr'>apud</span> <span class='ocrx_word' id='word_1_67' title='bbox 823 1481 1130 1557; x_wconf 79' lang='lat' dir='ltr'>Esaiam,</span> 
     </span>
    </p>

    <p class='ocr_par' dir='ltr' id='par_1_3' title="bbox 707 1623 2867 1692">
     <span class='ocr_line' id='line_1_10' title="bbox 707 1623 2867 1692; baseline -0.002 -16"><span class='ocrx_word' id='word_1_68' title='bbox 707 1629 736 1650; x_wconf 92' lang='grc'>“</span> <span class='ocrx_word' id='word_1_69' title='bbox 751 1626 995 1692; x_wconf 82' lang='lat' dir='ltr'>Jehovah</span> <span class='ocrx_word' id='word_1_70' title='bbox 1013 1627 1152 1677; x_wconf 85' lang='lat' dir='ltr'>stitit</span> <span class='ocrx_word' id='word_1_71' title='bbox 1169 1626 1238 1676; x_wconf 90' lang='lat' dir='ltr'>Se</span> <span class='ocrx_word' id='word_1_72' title='bbox 1255 1627 1324 1676; x_wconf 86' lang='lat' dir='ltr'>ad</span> <span class='ocrx_word' id='word_1_73' title='bbox 1343 1626 1679 1690; x_wconf 75' lang='lat' dir='ltr'>litigandum,</span> <span class='ocrx_word' id='word_1_74' title='bbox 1701 1635 1754 1675; x_wconf 90' lang='lat' dir='ltr'>et</span> <span class='ocrx_word' id='word_1_75' title='bbox 1772 1636 1923 1675; x_wconf 86' lang='lat' dir='ltr'>stans</span> <span class='ocrx_word' id='word_1_76' title='bbox 1940 1625 2009 1675; x_wconf 83' lang='lat' dir='ltr'>ad</span> <span class='ocrx_word' id='word_1_77' title='bbox 2028 1624 2371 1688; x_wconf 83' lang='lat' dir='ltr'>judicandum</span> <span class='ocrx_word' id='word_1_78' title='bbox 2391 1625 2655 1686; x_wconf 85' lang='lat' dir='ltr'>populos:</span> <span class='ocrx_word' id='word_1_79' title='bbox 2690 1623 2867 1687; x_wconf 83' lang='lat' dir='ltr'>Jeho-</span> 
     </span>
    </p>
   </div>
   <div class='ocr_carea' id='block_1_3' title="bbox 866 1690 2866 1820">
    <p class='ocr_par' dir='ltr' id='par_1_4' title="bbox 866 1690 2866 1820">
     <span class='ocr_line' id='line_1_11' title="bbox 866 1690 2866 1819; baseline -0.002 -79"><span class='ocrx_word' id='word_1_80' title='bbox 866 1694 971 1740; x_wconf 81' lang='lat' dir='ltr'>vah</span> <span class='ocrx_word' id='word_1_81' title='bbox 999 1693 1382 1819; x_wconf 50' lang='grc' dir='ltr'>ἰιίἰίᾖιιᾶὶοὶιιπί</span> <span class='ocrx_word' id='word_1_82' title='bbox 1379 1693 1560 1742; x_wconf 85' lang='lat' dir='ltr'>veniet</span> <span class='ocrx_word' id='word_1_83' title='bbox 1594 1706 1715 1741; x_wconf 88' lang='lat' dir='ltr'>cum</span> <span class='ocrx_word' id='word_1_84' title='bbox 1751 1692 2052 1740; x_wconf 83' lang='lat' dir='ltr'>senioribus</span> <span class='ocrx_word' id='word_1_85' title='bbox 2086 1691 2269 1754; x_wconf 89' lang='lat' dir='ltr'>populi</span> <span class='ocrx_word' id='word_1_86' title='bbox 2304 1691 2403 1750; x_wconf 83' lang='lat' dir='ltr'>sui,</span> <span class='ocrx_word' id='word_1_87' title='bbox 2432 1701 2485 1738; x_wconf 85' lang='lat' dir='ltr'>et</span> <span class='ocrx_word' id='word_1_88' title='bbox 2519 1690 2866 1752; x_wconf 86' lang='lat' dir='ltr'>principibus</span> 
     </span>
     <span class='ocr_line' id='line_1_12' title="bbox 868 1757 1382 1820; baseline -0.002 -13"><span class='ocrx_word' id='word_1_89' title='bbox 868 1757 986 1820; x_wconf 72' lang='lat' dir='ltr'>eius</span> <span class='ocrx_word' id='word_1_90' title='bbox 1107 1773 1124 1806; x_wconf 80' lang='grc' dir='ltr'><strong>ι</strong></span> <span class='ocrx_word' id='word_1_91' title='bbox 1169 1769 1228 1818; x_wconf 88' lang='lat'>13</span> <span class='ocrx_word' id='word_1_92' title='bbox 1275 1770 1382 1816; x_wconf 87' lang='lat'>14·</span> 
     </span>
    </p>
   </div>
   <div class='ocr_carea' id='block_1_4' title="bbox 551 1894 2873 4672">
    <p class='ocr_par' dir='ltr' id='par_1_5' title="bbox 609 1894 2871 3714">
     <span class='ocr_line' id='line_1_13' title="bbox 611 1894 2863 1982; baseline -0.002 -20"><span class='ocrx_word' id='word_1_93' title='bbox 611 1903 774 1982; x_wconf 88' lang='lat' dir='ltr'>per‘</span> <span class='ocrx_word' id='word_1_94' title='bbox 784 1899 1116 1962; x_wconf 85' lang='lat' dir='ltr'>‘seniores</span> <span class='ocrx_word' id='word_1_95' title='bbox 1141 1897 1430 1982; x_wconf 87' lang='lat' dir='ltr'>populi,”</span> <span class='ocrx_word' id='word_1_96' title='bbox 1453 1907 1526 1962; x_wconf 89' lang='lat' dir='ltr'>et</span> <span class='ocrx_word' id='word_1_97' title='bbox 1560 1919 1678 1980; x_wconf 90' lang='lat' dir='ltr'>per</span> <span class='ocrx_word' id='word_1_98' title='bbox 1708 1898 2101 1980; x_wconf 89' lang='lat' dir='ltr'>“principes</span> <span class='ocrx_word' id='word_1_99' title='bbox 2132 1895 2333 1978; x_wconf 79' lang='lat' dir='ltr'>eju3‚”</span> <span class='ocrx_word' id='word_1_100' title='bbox 2358 1894 2602 1959; x_wconf 87' lang='lat' dir='ltr'>similia</span> <span class='ocrx_word' id='word_1_101' title='bbox 2632 1895 2863 1976; x_wconf 85' lang='lat' dir='ltr'>signi-</span> 
     </span>
     <span class='ocr_line' id='line_1_14' title="bbox 611 1989 2861 2075; baseline -0.001 -21"><span class='ocrx_word' id='word_1_102' title='bbox 611 1992 900 2056; x_wconf 86' lang='lat' dir='ltr'>ficantur</span> <span class='ocrx_word' id='word_1_103' title='bbox 951 2013 1123 2075; x_wconf 90' lang='lat' dir='ltr'>quae</span> <span class='ocrx_word' id='word_1_104' title='bbox 1177 2014 1297 2075; x_wconf 90' lang='lat' dir='ltr'>per</span> <span class='ocrx_word' id='word_1_105' title='bbox 1354 1992 1777 2056; x_wconf 82' lang='lat' dir='ltr'>“duodecim</span> <span class='ocrx_word' id='word_1_106' title='bbox 1830 1989 2257 2073; x_wconf 89' lang='lat' dir='ltr'>discipulos,”</span> <span class='ocrx_word' id='word_1_107' title='bbox 2304 2009 2551 2071; x_wconf 87' lang='lat' dir='ltr'>nempe</span> <span class='ocrx_word' id='word_1_108' title='bbox 2602 2008 2861 2053; x_wconf 87' lang='lat' dir='ltr'>omnes</span> 
     </span>
     <span class='ocr_line' id='line_1_15' title="bbox 612 2085 2864 2169; baseline -0.002 -20"><span class='ocrx_word' id='word_1_109' title='bbox 612 2089 726 2169; x_wconf 93' lang='lat' dir='ltr'>qui</span> <span class='ocrx_word' id='word_1_110' title='bbox 778 2087 866 2150; x_wconf 90' lang='lat' dir='ltr'>ab</span> <span class='ocrx_word' id='word_1_111' title='bbox 911 2087 1201 2150; x_wconf 89' lang='lat' dir='ltr'>ecclesia</span> <span class='ocrx_word' id='word_1_112' title='bbox 1256 2087 1324 2148; x_wconf 90' lang='lat' dir='ltr'>in</span> <span class='ocrx_word' id='word_1_113' title='bbox 1370 2087 1546 2149; x_wconf 90' lang='lat' dir='ltr'>veris</span> <span class='ocrx_word' id='word_1_114' title='bbox 1599 2096 1671 2150; x_wconf 90' lang='lat' dir='ltr'>et</span> <span class='ocrx_word' id='word_1_115' title='bbox 1726 2085 1921 2148; x_wconf 89' lang='lat' dir='ltr'>bonis</span> <span class='ocrx_word' id='word_1_116' title='bbox 1972 2085 2115 2166; x_wconf 82' lang='lat' dir='ltr'>ejus</span> <span class='ocrx_word' id='word_1_117' title='bbox 2168 2094 2349 2160; x_wconf 82' lang='lat' dir='ltr'>sunt,</span> <span class='ocrx_word' id='word_1_118' title='bbox 2399 2093 2470 2146; x_wconf 91' lang='lat' dir='ltr'>et</span> <span class='ocrx_word' id='word_1_119' title='bbox 2522 2085 2590 2146; x_wconf 89' lang='lat' dir='ltr'>in</span> <span class='ocrx_word' id='word_1_120' title='bbox 2644 2103 2864 2146; x_wconf 88' lang='lat' dir='ltr'>sensu</span> 
     </span>
     <span class='ocr_line' id='line_1_16' title="bbox 609 2175 2867 2257; baseline -0.001 -17"><span class='ocrx_word' id='word_1_121' title='bbox 609 2177 963 2241; x_wconf 65' lang='lat' dir='ltr'>abstracto</span> <span class='ocrx_word' id='word_1_122' title='bbox 993 2197 1156 2240; x_wconf 87' lang='lat' dir='ltr'>vera</span> <span class='ocrx_word' id='word_1_123' title='bbox 1187 2186 1260 2240; x_wconf 92' lang='lat' dir='ltr'>et</span> <span class='ocrx_word' id='word_1_124' title='bbox 1291 2177 1476 2240; x_wconf 90' lang='lat' dir='ltr'>bona</span> <span class='ocrx_word' id='word_1_125' title='bbox 1506 2177 1842 2241; x_wconf 89' lang='lat' dir='ltr'>ecclesiae</span> <span class='ocrx_word' id='word_1_126' title='bbox 1878 2179 1945 2240; x_wconf 89' lang='lat' dir='ltr'>in</span> <span class='ocrx_word' id='word_1_127' title='bbox 1980 2177 2165 2239; x_wconf 91' lang='lat' dir='ltr'>omni</span> <span class='ocrx_word' id='word_1_128' title='bbox 2197 2175 2591 2257; x_wconf 86' lang='lat' dir='ltr'>complexu.</span> <span class='ocrx_word' id='word_1_129' title='bbox 2680 2191 2867 2250; x_wconf 84' lang='lat' dir='ltr'>(Quod</span> 
     </span>
     <span class='ocr_line' id='line_1_17' title="bbox 609 2267 2869 2335; baseline -0.002 -16"><span class='ocrx_word' id='word_1_130' title='bbox 609 2274 691 2319; x_wconf 88' lang='lat' dir='ltr'>illa</span> <span class='ocrx_word' id='word_1_131' title='bbox 704 2287 790 2332; x_wconf 88' lang='lat' dir='ltr'>per</span> <span class='ocrx_word' id='word_1_132' title='bbox 805 2269 831 2286; x_wconf 82' lang='lat'>¹⁸</span> <span class='ocrx_word' id='word_1_133' title='bbox 847 2274 1059 2319; x_wconf 84' lang='lat' dir='ltr'>seniores</span> <span class='ocrx_word' id='word_1_134' title='bbox 1075 2274 1100 2288; x_wconf 84' lang='lat'>&#39;⁸</span> <span class='ocrx_word' id='word_1_135' title='bbox 1120 2273 1461 2332; x_wconf 81' lang='lat' dir='ltr'>significentur.</span> <span class='ocrx_word' id='word_1_136' title='bbox 1477 2273 1696 2318; x_wconf 79' lang='lat' dir='ltr'>videatur</span> <span class='ocrx_word' id='word_1_137' title='bbox 1710 2287 1868 2331; x_wconf 81' lang='lat' dir='ltr'>supra.</span> <span class='ocrx_word' id='word_1_138' title='bbox 1888 2285 1935 2319; x_wconf 89' lang='lat' dir='ltr'>n.</span> <span class='ocrx_word' id='word_1_139' title='bbox 1956 2270 2163 2335; x_wconf 79' lang='lat'>1¹]270;</span> <span class='ocrx_word' id='word_1_140' title='bbox 2194 2278 2242 2316; x_wconf 85' lang='lat' dir='ltr'>et</span> <span class='ocrx_word' id='word_1_141' title='bbox 2258 2273 2391 2329; x_wconf 87' lang='lat' dir='ltr'>quod</span> <span class='ocrx_word' id='word_1_142' title='bbox 2409 2271 2551 2316; x_wconf 83' lang='lat' dir='ltr'>etiam</span> <span class='ocrx_word' id='word_1_143' title='bbox 2570 2284 2661 2330; x_wconf 85' lang='lat' dir='ltr'>per</span> <span class='ocrx_word' id='word_1_144' title='bbox 2678 2267 2706 2284; x_wconf 80' lang='lat'>⁸⁸</span> <span class='ocrx_word' id='word_1_145' title='bbox 2721 2272 2869 2329; x_wconf 77' lang='lat' dir='ltr'>prin·</span> 
     </span>
     <span class='ocr_line' id='line_1_18' title="bbox 610 2335 2867 2418; baseline -0 -21"><span class='ocrx_word' id='word_1_146' title='bbox 610 2352 785 2411; x_wconf 84' lang='lat' dir='ltr'>cipes.”</span> <span class='ocrx_word' id='word_1_147' title='bbox 805 2366 852 2399; x_wconf 88' lang='lat' dir='ltr'>n.</span> <span class='ocrx_word' id='word_1_148' title='bbox 878 2353 978 2417; x_wconf 89' lang='lat'>29,</span> <span class='ocrx_word' id='word_1_149' title='bbox 999 2338 1168 2415; x_wconf 84' lang='lat'><strong>408.)</strong></span> <span class='ocrx_word' id='word_1_150' title='bbox 1254 2335 1460 2417; x_wconf 82' lang='lat' dir='ltr'>Quod</span> <span class='ocrx_word' id='word_1_151' title='bbox 1506 2357 1626 2418; x_wconf 90' lang='lat' dir='ltr'>per</span> <span class='ocrx_word' id='word_1_152' title='bbox 1666 2343 2003 2399; x_wconf 87' lang='lat' dir='ltr'>“centum</span> <span class='ocrx_word' id='word_1_153' title='bbox 2048 2335 2509 2416; x_wconf 89' lang='lat' dir='ltr'>quadraginta</span> <span class='ocrx_word' id='word_1_154' title='bbox 2552 2342 2867 2415; x_wconf 87' lang='lat' dir='ltr'>quatuor</span> 
     </span>
     <span class='ocr_line' id='line_1_19' title="bbox 617 2426 2865 2510; baseline 0 -20"><span class='ocrx_word' id='word_1_155' title='bbox 617 2428 829 2491; x_wconf 89' lang='lat' dir='ltr'>millia</span> <span class='ocrx_word' id='word_1_156' title='bbox 851 2428 881 2452; x_wconf 78' lang='lat'>’⁹</span> <span class='ocrx_word' id='word_1_157' title='bbox 945 2427 1421 2510; x_wconf 85' lang='lat' dir='ltr'>intelligantur</span> <span class='ocrx_word' id='word_1_158' title='bbox 1478 2448 1639 2490; x_wconf 88' lang='lat' dir='ltr'>vera</span> <span class='ocrx_word' id='word_1_159' title='bbox 1700 2429 1767 2491; x_wconf 88' lang='lat' dir='ltr'>in</span> <span class='ocrx_word' id='word_1_160' title='bbox 1828 2427 2011 2490; x_wconf 89' lang='lat' dir='ltr'>omni</span> <span class='ocrx_word' id='word_1_161' title='bbox 2071 2426 2461 2508; x_wconf 85' lang='lat' dir='ltr'>complexu,</span> <span class='ocrx_word' id='word_1_162' title='bbox 2525 2436 2630 2489; x_wconf 89' lang='lat' dir='ltr'>est</span> <span class='ocrx_word' id='word_1_163' title='bbox 2694 2428 2865 2508; x_wconf 88' lang='lat' dir='ltr'>quia</span> 
     </span>
     <span class='ocr_line' id='line_1_20' title="bbox 613 2519 2863 2604; baseline -0.001 -18"><span class='ocrx_word' id='word_1_164' title='bbox 613 2522 859 2586; x_wconf 89' lang='lat' dir='ltr'>similia</span> <span class='ocrx_word' id='word_1_165' title='bbox 905 2543 1025 2604; x_wconf 90' lang='lat' dir='ltr'>per</span> <span class='ocrx_word' id='word_1_166' title='bbox 1069 2521 1260 2585; x_wconf 92' lang='lat' dir='ltr'>illum</span> <span class='ocrx_word' id='word_1_167' title='bbox 1307 2540 1682 2596; x_wconf 89' lang='lat' dir='ltr'>numerum,</span> <span class='ocrx_word' id='word_1_168' title='bbox 1730 2541 1904 2603; x_wconf 88' lang='lat' dir='ltr'>quae</span> <span class='ocrx_word' id='word_1_169' title='bbox 1951 2541 2069 2604; x_wconf 90' lang='lat' dir='ltr'>per</span> <span class='ocrx_word' id='word_1_170' title='bbox 2117 2521 2539 2583; x_wconf 87' lang='lat' dir='ltr'>“duodecim</span> <span class='ocrx_word' id='word_1_171' title='bbox 2561 2519 2593 2544; x_wconf 77' lang='lat'>’⁹</span> <span class='ocrx_word' id='word_1_172' title='bbox 2636 2521 2863 2601; x_wconf 87' lang='lat' dir='ltr'>signi-</span> 
     </span>
     <span class='ocr_line' id='line_1_21' title="bbox 611 2615 2862 2699; baseline -0.001 -19"><span class='ocrx_word' id='word_1_173' title='bbox 611 2615 921 2691; x_wconf 88' lang='lat' dir='ltr'>ficantur,</span> <span class='ocrx_word' id='word_1_174' title='bbox 959 2627 1029 2680; x_wconf 89' lang='lat' dir='ltr'>et</span> <span class='ocrx_word' id='word_1_175' title='bbox 1077 2637 1195 2699; x_wconf 88' lang='lat' dir='ltr'>per</span> <span class='ocrx_word' id='word_1_176' title='bbox 1235 2615 1705 2680; x_wconf 87' lang='lat' dir='ltr'>“duodecim’&#39;</span> <span class='ocrx_word' id='word_1_177' title='bbox 1742 2615 2210 2697; x_wconf 87' lang='lat' dir='ltr'>significantur</span> <span class='ocrx_word' id='word_1_178' title='bbox 2244 2634 2405 2678; x_wconf 89' lang='lat' dir='ltr'>vera</span> <span class='ocrx_word' id='word_1_179' title='bbox 2442 2624 2513 2678; x_wconf 90' lang='lat' dir='ltr'>et</span> <span class='ocrx_word' id='word_1_180' title='bbox 2550 2615 2738 2678; x_wconf 90' lang='lat' dir='ltr'>bona</span> <span class='ocrx_word' id='word_1_181' title='bbox 2788 2618 2862 2678; x_wconf 90' lang='lat' dir='ltr'>in</span> 
     </span>
     <span class='ocr_line' id='line_1_22' title="bbox 612 2711 2867 2793; baseline 0 -19"><span class='ocrx_word' id='word_1_182' title='bbox 612 2713 798 2774; x_wconf 93' lang='lat' dir='ltr'>omni</span> <span class='ocrx_word' id='word_1_183' title='bbox 845 2711 1254 2793; x_wconf 86' lang='lat' dir='ltr'>complexu;</span> <span class='ocrx_word' id='word_1_184' title='bbox 1315 2712 1498 2793; x_wconf 92' lang='lat' dir='ltr'>quod</span> <span class='ocrx_word' id='word_1_185' title='bbox 1551 2711 1797 2774; x_wconf 89' lang='lat' dir='ltr'>similia</span> <span class='ocrx_word' id='word_1_186' title='bbox 1844 2731 1965 2792; x_wconf 91' lang='lat' dir='ltr'>per</span> <span class='ocrx_word' id='word_1_187' title='bbox 2013 2717 2347 2774; x_wconf 89' lang='lat' dir='ltr'>“centum</span> <span class='ocrx_word' id='word_1_188' title='bbox 2394 2711 2867 2792; x_wconf 85' lang='lat' dir='ltr'>quadraginta</span> 
     </span>
     <span class='ocr_line' id='line_1_23' title="bbox 613 2803 2859 2887; baseline -0.001 -19"><span class='ocrx_word' id='word_1_189' title='bbox 613 2815 904 2887; x_wconf 87' lang='lat' dir='ltr'>quatuor</span> <span class='ocrx_word' id='word_1_190' title='bbox 939 2805 1212 2880; x_wconf 88' lang='lat' dir='ltr'>millia,&#39;’</span> <span class='ocrx_word' id='word_1_191' title='bbox 1248 2815 1356 2868; x_wconf 90' lang='lat' dir='ltr'>est</span> <span class='ocrx_word' id='word_1_192' title='bbox 1402 2806 1559 2886; x_wconf 90' lang='lat' dir='ltr'>quia</span> <span class='ocrx_word' id='word_1_193' title='bbox 1606 2806 1865 2868; x_wconf 89' lang='lat' dir='ltr'>numeri</span> <span class='ocrx_word' id='word_1_194' title='bbox 1903 2805 2266 2885; x_wconf 87' lang='lat' dir='ltr'>compositi</span> <span class='ocrx_word' id='word_1_195' title='bbox 2306 2803 2550 2867; x_wconf 88' lang='lat' dir='ltr'>similia</span> <span class='ocrx_word' id='word_1_196' title='bbox 2588 2803 2859 2886; x_wconf 88' lang='lat' dir='ltr'>signifi-</span> 
     </span>
     <span class='ocr_line' id='line_1_24' title="bbox 616 2896 2865 2982; baseline -0 -20"><span class='ocrx_word' id='word_1_197' title='bbox 616 2909 778 2962; x_wconf 89' lang='lat' dir='ltr'>cant</span> <span class='ocrx_word' id='word_1_198' title='bbox 818 2919 989 2982; x_wconf 89' lang='lat' dir='ltr'>quae</span> <span class='ocrx_word' id='word_1_199' title='bbox 1028 2900 1285 2963; x_wconf 90' lang='lat' dir='ltr'>numeri</span> <span class='ocrx_word' id='word_1_200' title='bbox 1323 2899 1689 2981; x_wconf 77' lang='lat' dir='ltr'>simpliceS,</span> <span class='ocrx_word' id='word_1_201' title='bbox 1728 2919 1819 2962; x_wconf 87' lang='lat' dir='ltr'>ex</span> <span class='ocrx_word' id='word_1_202' title='bbox 1858 2900 2095 2982; x_wconf 87' lang='lat' dir='ltr'>quibus</span> <span class='ocrx_word' id='word_1_203' title='bbox 2134 2899 2229 2961; x_wconf 92' lang='lat' dir='ltr'>illi</span> <span class='ocrx_word' id='word_1_204' title='bbox 2277 2917 2396 2979; x_wconf 90' lang='lat' dir='ltr'>per</span> <span class='ocrx_word' id='word_1_205' title='bbox 2432 2896 2865 2980; x_wconf 85' lang='lat' dir='ltr'>multiplica·</span> 
     </span>
     <span class='ocr_line' id='line_1_25' title="bbox 621 2991 2865 3075; baseline -0.001 -18"><span class='ocrx_word' id='word_1_206' title='bbox 621 2995 882 3057; x_wconf 89' lang='lat' dir='ltr'>tionem</span> <span class='ocrx_word' id='word_1_207' title='bbox 921 3002 1322 3074; x_wconf 85' lang='lat' dir='ltr'>exsurgunt,</span> <span class='ocrx_word' id='word_1_208' title='bbox 1363 3013 1442 3056; x_wconf 91' lang='lat' dir='ltr'>ac</span> <span class='ocrx_word' id='word_1_209' title='bbox 1483 3011 1799 3056; x_wconf 88' lang='lat' dir='ltr'>numerus</span> <span class='ocrx_word' id='word_1_210' title='bbox 1854 3009 1971 3071; x_wconf 78' lang='lat'>144</span> <span class='ocrx_word' id='word_1_211' title='bbox 2002 2993 2314 3074; x_wconf 82' lang='lat' dir='ltr'>exsurgit</span> <span class='ocrx_word' id='word_1_212' title='bbox 2362 3013 2482 3074; x_wconf 88' lang='lat' dir='ltr'>per</span> <span class='ocrx_word' id='word_1_213' title='bbox 2520 2991 2865 3075; x_wconf 88' lang='lat' dir='ltr'>multipli-</span> 
     </span>
     <span class='ocr_line' id='line_1_26' title="bbox 619 3085 2865 3169; baseline -0 -18"><span class='ocrx_word' id='word_1_214' title='bbox 619 3089 964 3152; x_wconf 87' lang='lat' dir='ltr'>cationem</span> <span class='ocrx_word' id='word_1_215' title='bbox 1005 3103 1077 3149; x_wconf 90' lang='lat'>12</span> <span class='ocrx_word' id='word_1_216' title='bbox 1111 3085 1176 3149; x_wconf 88' lang='lat' dir='ltr'>in</span> <span class='ocrx_word' id='word_1_217' title='bbox 1217 3103 1328 3149; x_wconf 88' lang='lat'>12:</span> <span class='ocrx_word' id='word_1_218' title='bbox 1377 3086 1612 3149; x_wconf 89' lang='lat' dir='ltr'>similis</span> <span class='ocrx_word' id='word_1_219' title='bbox 1640 3085 2048 3169; x_wconf 87' lang='lat' dir='ltr'>significatio</span> <span class='ocrx_word' id='word_1_220' title='bbox 2078 3097 2187 3150; x_wconf 90' lang='lat' dir='ltr'>est</span> <span class='ocrx_word' id='word_1_221' title='bbox 2218 3087 2477 3149; x_wconf 90' lang='lat' dir='ltr'>numeri</span> <span class='ocrx_word' id='word_1_222' title='bbox 2512 3091 2865 3150; x_wconf 85' lang='lat' dir='ltr'>“centum</span> 
     </span>
     <span class='ocr_line' id='line_1_27' title="bbox 623 3181 2865 3264; baseline -0.001 -18"><span class='ocrx_word' id='word_1_223' title='bbox 623 3192 696 3246; x_wconf 90' lang='lat' dir='ltr'>et</span> <span class='ocrx_word' id='word_1_224' title='bbox 741 3183 1196 3263; x_wconf 86' lang='lat' dir='ltr'>quadraginta</span> <span class='ocrx_word' id='word_1_225' title='bbox 1239 3190 1530 3264; x_wconf 89' lang='lat' dir='ltr'>quatuor</span> <span class='ocrx_word' id='word_1_226' title='bbox 1575 3181 1905 3245; x_wconf 86' lang='lat' dir='ltr'>millium’&#39;</span> <span class='ocrx_word' id='word_1_227' title='bbox 1952 3201 2124 3264; x_wconf 88' lang='lat' dir='ltr'>quae</span> <span class='ocrx_word' id='word_1_228' title='bbox 2169 3190 2277 3244; x_wconf 88' lang='lat' dir='ltr'>est</span> <span class='ocrx_word' id='word_1_229' title='bbox 2324 3182 2581 3244; x_wconf 86' lang='lat' dir='ltr'>numeri</span> <span class='ocrx_word' id='word_1_230' title='bbox 2630 3185 2865 3244; x_wconf 86' lang='lat' dir='ltr'>“cen-</span> 
     </span>
     <span class='ocr_line' id='line_1_28' title="bbox 622 3274 2871 3358; baseline 0 -20"><span class='ocrx_word' id='word_1_231' title='bbox 622 3286 770 3339; x_wconf 92' lang='lat' dir='ltr'>tum</span> <span class='ocrx_word' id='word_1_232' title='bbox 824 3285 895 3338; x_wconf 93' lang='lat' dir='ltr'>et</span> <span class='ocrx_word' id='word_1_233' title='bbox 943 3276 1398 3357; x_wconf 90' lang='lat' dir='ltr'>quadraginta</span> <span class='ocrx_word' id='word_1_234' title='bbox 1451 3285 1743 3358; x_wconf 90' lang='lat' dir='ltr'>quatuor</span> <span class='ocrx_word' id='word_1_235' title='bbox 1766 3275 1819 3336; x_wconf 88' lang='lat'>:”</span> <span class='ocrx_word' id='word_1_236' title='bbox 1878 3276 2003 3338; x_wconf 88' lang='lat' dir='ltr'>sed</span> <span class='ocrx_word' id='word_1_237' title='bbox 2054 3275 2141 3338; x_wconf 90' lang='lat' dir='ltr'>de</span> <span class='ocrx_word' id='word_1_238' title='bbox 2192 3274 2323 3338; x_wconf 88' lang='lat' dir='ltr'>hac</span> <span class='ocrx_word' id='word_1_239' title='bbox 2375 3295 2448 3339; x_wconf 88' lang='lat' dir='ltr'>re</span> <span class='ocrx_word' id='word_1_240' title='bbox 2490 3275 2871 3339; x_wconf 89' lang='lat' dir='ltr'>videantur</span> 
     </span>
     <span class='ocr_line' id='line_1_29' title="bbox 620 3368 2867 3452; baseline 0 -19"><span class='ocrx_word' id='word_1_241' title='bbox 620 3370 813 3452; x_wconf 88' lang='lat' dir='ltr'>plura</span> <span class='ocrx_word' id='word_1_242' title='bbox 857 3371 924 3432; x_wconf 90' lang='lat' dir='ltr'>in</span> <span class='ocrx_word' id='word_1_243' title='bbox 971 3368 1438 3450; x_wconf 85' lang='lat' dir='ltr'>explicatione</span> <span class='ocrx_word' id='word_1_244' title='bbox 1473 3369 1720 3451; x_wconf 90' lang='lat' dir='ltr'>capitis</span> <span class='ocrx_word' id='word_1_245' title='bbox 1757 3369 2253 3452; x_wconf 78' lang='lat' dir='ltr'>praecedenti5‚</span> <span class='ocrx_word' id='word_1_246' title='bbox 2292 3370 2427 3444; x_wconf 66' lang='lat' dir='ltr'>vii„</span> <span class='ocrx_word' id='word_1_247' title='bbox 2468 3369 2579 3432; x_wconf 87' lang='lat' dir='ltr'>ubi</span> <span class='ocrx_word' id='word_1_248' title='bbox 2622 3371 2867 3451; x_wconf 87' lang='lat' dir='ltr'>agitur</span> 
     </span>
     <span class='ocr_line' id='line_1_30' title="bbox 617 3462 2865 3544; baseline 0 -18"><span class='ocrx_word' id='word_1_249' title='bbox 617 3463 706 3526; x_wconf 90' lang='lat' dir='ltr'>de</span> <span class='ocrx_word' id='word_1_250' title='bbox 741 3463 1156 3526; x_wconf 88' lang='lat' dir='ltr'>“duodecim</span> <span class='ocrx_word' id='word_1_251' title='bbox 1196 3462 1492 3525; x_wconf 89' lang='lat' dir='ltr'>millibus</span> <span class='ocrx_word' id='word_1_252' title='bbox 1512 3462 1542 3487; x_wconf 84' lang='lat'>’¹</span> <span class='ocrx_word' id='word_1_253' title='bbox 1581 3462 1963 3544; x_wconf 88' lang='lat' dir='ltr'>obsignatis</span> <span class='ocrx_word' id='word_1_254' title='bbox 1998 3483 2089 3526; x_wconf 86' lang='lat' dir='ltr'>ex</span> <span class='ocrx_word' id='word_1_255' title='bbox 2130 3463 2501 3544; x_wconf 85' lang='lat' dir='ltr'>unaquavis</span> <span class='ocrx_word' id='word_1_256' title='bbox 2537 3463 2743 3539; x_wconf 88' lang='lat' dir='ltr'>tribu,</span> <span class='ocrx_word' id='word_1_257' title='bbox 2790 3474 2865 3530; x_wconf 90' lang='lat' dir='ltr'>et</span> 
     </span>
     <span class='ocr_line' id='line_1_31' title="bbox 617 3557 2869 3640; baseline 0.002 -21"><span class='ocrx_word' id='word_1_258' title='bbox 617 3559 703 3621; x_wconf 93' lang='lat' dir='ltr'>de</span> <span class='ocrx_word' id='word_1_259' title='bbox 745 3561 1080 3620; x_wconf 88' lang='lat' dir='ltr'>“centum</span> <span class='ocrx_word' id='word_1_260' title='bbox 1125 3567 1198 3620; x_wconf 90' lang='lat' dir='ltr'>et</span> <span class='ocrx_word' id='word_1_261' title='bbox 1243 3557 1701 3640; x_wconf 88' lang='lat' dir='ltr'>quadraginta</span> <span class='ocrx_word' id='word_1_262' title='bbox 1746 3567 2039 3639; x_wconf 89' lang='lat' dir='ltr'>quatuor</span> <span class='ocrx_word' id='word_1_263' title='bbox 2086 3557 2429 3620; x_wconf 88' lang='lat' dir='ltr'>millibus”</span> <span class='ocrx_word' id='word_1_264' title='bbox 2468 3557 2869 3639; x_wconf 86' lang='lat' dir='ltr'>obsignatis</span> 
     </span>
     <span class='ocr_line' id='line_1_32' title="bbox 617 3650 1659 3714; baseline -0.001 0"><span class='ocrx_word' id='word_1_265' title='bbox 617 3650 814 3714; x_wconf 90' lang='lat' dir='ltr'>simul</span> <span class='ocrx_word' id='word_1_266' title='bbox 853 3671 942 3714; x_wconf 87' lang='lat' dir='ltr'>ex</span> <span class='ocrx_word' id='word_1_267' title='bbox 979 3651 1293 3714; x_wconf 87' lang='lat' dir='ltr'>omnibus</span> <span class='ocrx_word' id='word_1_268' title='bbox 1331 3651 1659 3714; x_wconf 88' lang='lat' dir='ltr'>tribubus.</span> 
     </span>
    </p>

    <p class='ocr_par' dir='ltr' id='par_1_6' title="bbox 551 3751 2871 4672">
     <span class='ocr_line' id='line_1_33' title="bbox 737 3751 2871 3834; baseline -0.001 -16"><span class='ocrx_word' id='word_1_269' title='bbox 737 3751 903 3834; x_wconf 73' lang='lat'>852</span> <span class='ocrx_word' id='word_1_270' title='bbox 911 3751 1052 3834; x_wconf 84' lang='lat' dir='ltr'>[a].</span> <span class='ocrx_word' id='word_1_271' title='bbox 1109 3751 1460 3815; x_wconf 63' lang='lat' dir='ltr'>“Habentes</span> <span class='ocrx_word' id='word_1_272' title='bbox 1493 3771 1709 3815; x_wconf 76' lang='lat' dir='ltr'>nomon</span> <span class='ocrx_word' id='word_1_273' title='bbox 1740 3752 1945 3816; x_wconf 71' lang='lat' dir='ltr'>Pate-is</span> <span class='ocrx_word' id='word_1_274' title='bbox 1976 3752 2173 3833; x_wconf 72' lang='lat' dir='ltr'>Ipsius</span> <span class='ocrx_word' id='word_1_275' title='bbox 2204 3753 2499 3834; x_wconf 66' lang='lat' dir='ltr'>seriptum</span> <span class='ocrx_word' id='word_1_276' title='bbox 2537 3752 2599 3814; x_wconf 79' lang='lat' dir='ltr'>e&#39;n</span> <span class='ocrx_word' id='word_1_277' title='bbox 2641 3753 2871 3816; x_wconf 65' lang='lat' dir='ltr'>fronti·</span> 
     </span>
     <span class='ocr_line' id='line_1_34' title="bbox 617 3839 2873 3924; baseline 0.001 -20"><span class='ocrx_word' id='word_1_278' title='bbox 617 3841 732 3904; x_wconf 72' lang='lat' dir='ltr'>bus</span> <span class='ocrx_word' id='word_1_279' title='bbox 751 3842 901 3904; x_wconf 72' lang='lat' dir='ltr'>suis.</span> <span class='ocrx_word' id='word_1_280' title='bbox 907 3840 1237 3921; x_wconf 80' lang='lat' dir='ltr'>¹¹-Quod</span> <span class='ocrx_word' id='word_1_281' title='bbox 1261 3839 1606 3923; x_wconf 86' lang='lat' dir='ltr'>significet</span> <span class='ocrx_word' id='word_1_282' title='bbox 1629 3841 1759 3904; x_wconf 85' lang='lat' dir='ltr'>illa</span> <span class='ocrx_word' id='word_1_283' title='bbox 1780 3843 2135 3905; x_wconf 84' lang='lat' dir='ltr'>secundum</span> <span class='ocrx_word' id='word_1_284' title='bbox 2164 3841 2579 3924; x_wconf 75' lang='lat' dir='ltr'>agni‘ttonem</span> <span class='ocrx_word' id='word_1_285' title='bbox 2606 3841 2708 3904; x_wconf 74' lang='grc' dir='ltr'>Βι</span> <span class='ocrx_word' id='word_1_286' title='bbox 2708 3844 2873 3907; x_wconf 76' lang='lat' dir='ltr'>vi&#39;nz</span> 
     </span>
     <span class='ocr_line' id='line_1_35' title="bbox 617 3932 2867 4016; baseline 0.002 -22"><span class='ocrx_word' id='word_1_287' title='bbox 617 3932 846 4012; x_wconf 78' lang='lat' dir='ltr'>Ipsius</span> <span class='ocrx_word' id='word_1_288' title='bbox 887 3953 974 3996; x_wconf 77' lang='lat' dir='ltr'>ex</span> <span class='ocrx_word' id='word_1_289' title='bbox 1001 3953 1248 4006; x_wconf 84' lang='lat' dir='ltr'>amore,</span> <span class='ocrx_word' id='word_1_290' title='bbox 1281 3943 1560 3996; x_wconf 88' lang='lat' dir='ltr'>constat</span> <span class='ocrx_word' id='word_1_291' title='bbox 1597 3953 1689 3996; x_wconf 83' lang='lat' dir='ltr'>ex</span> <span class='ocrx_word' id='word_1_292' title='bbox 1722 3933 2273 4016; x_wconf 81' lang='lat' dir='ltr'>significatione‘</span> <span class='ocrx_word' id='word_1_293' title='bbox 2282 3937 2606 3998; x_wconf 86' lang='lat' dir='ltr'>‘nominis</span> <span class='ocrx_word' id='word_1_294' title='bbox 2638 3935 2867 4000; x_wconf 85' lang='lat' dir='ltr'>Patris</span> 
     </span>
     <span class='ocr_line' id='line_1_36' title="bbox 619 4024 2867 4108; baseline 0.002 -22"><span class='ocrx_word' id='word_1_295' title='bbox 619 4024 905 4105; x_wconf 84' lang='lat' dir='ltr'>Ipsius,”</span> <span class='ocrx_word' id='word_1_296' title='bbox 955 4025 1139 4108; x_wconf 89' lang='lat' dir='ltr'>quod</span> <span class='ocrx_word' id='word_1_297' title='bbox 1191 4026 1278 4088; x_wconf 91' lang='lat' dir='ltr'>sit</span> <span class='ocrx_word' id='word_1_298' title='bbox 1337 4024 1663 4088; x_wconf 86' lang='lat' dir='ltr'>Divinum</span> <span class='ocrx_word' id='word_1_299' title='bbox 1716 4025 1997 4088; x_wconf 89' lang='lat' dir='ltr'>Domini</span> <span class='ocrx_word' id='word_1_300' title='bbox 2056 4043 2141 4100; x_wconf 79' lang='lat' dir='ltr'>(de</span> <span class='ocrx_word' id='word_1_301' title='bbox 2168 4055 2267 4100; x_wconf 76' lang='lat' dir='ltr'>qua</span> <span class='ocrx_word' id='word_1_302' title='bbox 2292 4043 2570 4104; x_wconf 51' lang='lat' dir='ltr'>sequitur„</span> <span class='ocrx_word' id='word_1_303' title='bbox 2632 4037 2707 4090; x_wconf 89' lang='lat' dir='ltr'>et</span> <span class='ocrx_word' id='word_1_304' title='bbox 2768 4049 2867 4091; x_wconf 86' lang='lat' dir='ltr'>ex</span> 
     </span>
     <span class='ocr_line' id='line_1_37' title="bbox 625 4116 2867 4203; baseline 0.003 -25"><span class='ocrx_word' id='word_1_305' title='bbox 625 4116 1122 4197; x_wconf 87' lang='lat' dir='ltr'>significatione</span> <span class='ocrx_word' id='word_1_306' title='bbox 1152 4119 1442 4200; x_wconf 88' lang='lat' dir='ltr'>“scripti</span> <span class='ocrx_word' id='word_1_307' title='bbox 1475 4119 1543 4179; x_wconf 89' lang='lat' dir='ltr'>in</span> <span class='ocrx_word' id='word_1_308' title='bbox 1575 4117 1969 4193; x_wconf 77' lang='lat' dir='ltr'>frontibu8‚”</span> <span class='ocrx_word' id='word_1_309' title='bbox 1994 4119 2177 4201; x_wconf 91' lang='lat' dir='ltr'>quod</span> <span class='ocrx_word' id='word_1_310' title='bbox 2208 4121 2297 4183; x_wconf 89' lang='lat' dir='ltr'>sit</span> <span class='ocrx_word' id='word_1_311' title='bbox 2330 4119 2631 4202; x_wconf 86' lang='lat' dir='ltr'>plenaria</span> <span class='ocrx_word' id='word_1_312' title='bbox 2662 4123 2867 4203; x_wconf 87' lang='lat' dir='ltr'>agni-</span> 
     </span>
     <span class='ocr_line' id='line_1_38' title="bbox 625 4211 2866 4298; baseline 0.003 -25"><span class='ocrx_word' id='word_1_313' title='bbox 625 4211 768 4288; x_wconf 89' lang='lat' dir='ltr'>tio;</span> <span class='ocrx_word' id='word_1_314' title='bbox 823 4211 1006 4292; x_wconf 90' lang='lat' dir='ltr'>quod</span> <span class='ocrx_word' id='word_1_315' title='bbox 1057 4217 1364 4274; x_wconf 86' lang='lat' dir='ltr'>“nomen</span> <span class='ocrx_word' id='word_1_316' title='bbox 1413 4211 1630 4276; x_wconf 88' lang='lat' dir='ltr'>Patris</span> <span class='ocrx_word' id='word_1_317' title='bbox 1677 4213 2002 4294; x_wconf 83' lang='lat' dir='ltr'>scriptum</span> <span class='ocrx_word' id='word_1_318' title='bbox 2048 4215 2115 4277; x_wconf 91' lang='lat' dir='ltr'>in</span> <span class='ocrx_word' id='word_1_319' title='bbox 2162 4214 2541 4277; x_wconf 82' lang='lat' dir='ltr'>frontibus”</span> <span class='ocrx_word' id='word_1_320' title='bbox 2578 4217 2666 4278; x_wconf 90' lang='lat' dir='ltr'>sit</span> <span class='ocrx_word' id='word_1_321' title='bbox 2713 4215 2866 4298; x_wconf 87' lang='lat' dir='ltr'>ple-</span> 
     </span>
     <span class='ocr_line' id='line_1_39' title="bbox 627 4305 2865 4394; baseline 0.003 -27"><span class='ocrx_word' id='word_1_322' title='bbox 627 4305 816 4368; x_wconf 88' lang='lat' dir='ltr'>naria</span> <span class='ocrx_word' id='word_1_323' title='bbox 854 4305 1120 4386; x_wconf 89' lang='lat' dir='ltr'>agnitio</span> <span class='ocrx_word' id='word_1_324' title='bbox 1157 4305 1384 4368; x_wconf 87' lang='lat' dir='ltr'>Divini</span> <span class='ocrx_word' id='word_1_325' title='bbox 1423 4305 1723 4380; x_wconf 83' lang='lat' dir='ltr'>Domini,</span> <span class='ocrx_word' id='word_1_326' title='bbox 1761 4317 1870 4370; x_wconf 90' lang='lat' dir='ltr'>est</span> <span class='ocrx_word' id='word_1_327' title='bbox 1907 4308 2062 4390; x_wconf 88' lang='lat' dir='ltr'>quia</span> <span class='ocrx_word' id='word_1_328' title='bbox 2100 4307 2435 4370; x_wconf 89' lang='lat' dir='ltr'>Dominus</span> <span class='ocrx_word' id='word_1_329' title='bbox 2468 4327 2711 4373; x_wconf 87' lang='lat' dir='ltr'>omnes</span> <span class='ocrx_word' id='word_1_330' title='bbox 2747 4314 2865 4394; x_wconf 90' lang='lat' dir='ltr'>qui</span> 
     </span>
     <span class='ocr_line' id='line_1_40' title="bbox 551 4398 2865 4492; baseline 0.004 -32"><span class='ocrx_word' id='word_1_331' title='bbox 551 4481 560 4492; x_wconf 30' lang='grc' dir='ltr'><strong><em>ο</em></strong></span> <span class='ocrx_word' id='word_1_332' title='bbox 620 4408 1008 4480; x_wconf 89' lang='lat' dir='ltr'>agnoscunt</span> <span class='ocrx_word' id='word_1_333' title='bbox 1048 4398 1368 4462; x_wconf 86' lang='lat' dir='ltr'>Divinum</span> <span class='ocrx_word' id='word_1_334' title='bbox 1412 4400 1631 4482; x_wconf 90' lang='lat' dir='ltr'>Ipsius</span> <span class='ocrx_word' id='word_1_335' title='bbox 1664 4403 2005 4464; x_wconf 86' lang='lat' dir='ltr'>convertit</span> <span class='ocrx_word' id='word_1_336' title='bbox 2044 4401 2129 4463; x_wconf 92' lang='lat' dir='ltr'>ad</span> <span class='ocrx_word' id='word_1_337' title='bbox 2170 4400 2279 4476; x_wconf 87' lang='lat' dir='ltr'>Se,</span> <span class='ocrx_word' id='word_1_338' title='bbox 2314 4410 2385 4464; x_wconf 91' lang='lat' dir='ltr'>et</span> <span class='ocrx_word' id='word_1_339' title='bbox 2424 4404 2666 4484; x_wconf 90' lang='lat' dir='ltr'>aspicit</span> <span class='ocrx_word' id='word_1_340' title='bbox 2704 4403 2865 4468; x_wconf 87' lang='lat' dir='ltr'>illos</span> 
     </span>
     <span class='ocr_line' id='line_1_41' title="bbox 620 4493 2860 4584; baseline 0.003 -27"><span class='ocrx_word' id='word_1_341' title='bbox 620 4495 686 4557; x_wconf 89' lang='lat' dir='ltr'>in</span> <span class='ocrx_word' id='word_1_342' title='bbox 723 4493 968 4584; x_wconf 64' lang='lat' dir='ltr'>fronte,</span> <span class='ocrx_word' id='word_1_343' title='bbox 997 4502 1068 4556; x_wconf 95' lang='lat' dir='ltr'>et</span> <span class='ocrx_word' id='word_1_344' title='bbox 1102 4493 1197 4555; x_wconf 90' lang='lat' dir='ltr'>illi</span> <span class='ocrx_word' id='word_1_345' title='bbox 1221 4493 1517 4556; x_wconf 90' lang='lat' dir='ltr'>vicissim</span> <span class='ocrx_word' id='word_1_346' title='bbox 1548 4495 1888 4575; x_wconf 87' lang='lat' dir='ltr'>aspiciunt</span> <span class='ocrx_word' id='word_1_347' title='bbox 1922 4493 2289 4559; x_wconf 91' lang='lat' dir='ltr'>Dominum</span> <span class='ocrx_word' id='word_1_348' title='bbox 2314 4495 2569 4574; x_wconf 86' lang='lat' dir='ltr'>oculis;</span> <span class='ocrx_word' id='word_1_349' title='bbox 2617 4507 2690 4562; x_wconf 90' lang='lat' dir='ltr'>et</span> <span class='ocrx_word' id='word_1_350' title='bbox 2722 4497 2860 4562; x_wconf 93' lang='lat' dir='ltr'>hoc</span> 
     </span>
     <span class='ocr_line' id='line_1_42' title="bbox 617 4588 2865 4672; baseline 0.001 -19"><span class='ocrx_word' id='word_1_351' title='bbox 617 4609 709 4654; x_wconf 84' lang='lat' dir='ltr'>ex</span> <span class='ocrx_word' id='word_1_352' title='bbox 762 4607 990 4664; x_wconf 90' lang='lat' dir='ltr'>causa,</span> <span class='ocrx_word' id='word_1_353' title='bbox 1046 4589 1200 4672; x_wconf 87' lang='lat' dir='ltr'>quia</span> <span class='ocrx_word' id='word_1_354' title='bbox 1258 4588 1497 4652; x_wconf 87' lang='lat' dir='ltr'>“frons</span> <span class='ocrx_word' id='word_1_355' title='bbox 1515 4588 1544 4613; x_wconf 76' lang='lat'>&#39;³</span> <span class='ocrx_word' id='word_1_356' title='bbox 1598 4588 1940 4670; x_wconf 84' lang='lat' dir='ltr'>significat</span> <span class='ocrx_word' id='word_1_357' title='bbox 1994 4610 2319 4667; x_wconf 88' lang='lat' dir='ltr'>amorem,</span> <span class='ocrx_word' id='word_1_358' title='bbox 2376 4601 2449 4654; x_wconf 91' lang='lat' dir='ltr'>et</span> <span class='ocrx_word' id='word_1_359' title='bbox 2508 4592 2815 4656; x_wconf 87' lang='lat' dir='ltr'>“oculus</span> <span class='ocrx_word' id='word_1_360' title='bbox 2832 4593 2865 4618; x_wconf 90' lang='lat'><strong>”</strong></span> 
     </span>
    </p>
   </div>
  </div>
 </body>
</html>
