3259 5384
681 630 846 694 2082
1301 641 1805 692 APOCALYPSIS
1852 642 2305 694 EXPLICATA.

671 822 828 875 runt
883 812 1064 876 bona
1109 809 1460 887 ecclesiae,
1513 831 1688 894 quae
1739 811 2215 894 intelliguntur
2266 831 2386 894 per
2438 811 2897 876 “habitatores

671 906 854 969 orbis
873 905 928 984 ;'’
965 912 1002 936 “
1025 904 1503 988 Hierosolyma
1518 905 1667 970 ”est
1686 907 1979 969 ecclesia
1994 906 2219 989 quoad
2236 903 2639 970 doctrinam.
2709 905 2895 988 Apud

671 999 1024 1076 Davidem,

769 1135 800 1156 ⁴·
819 1133 1072 1183 Timeant
1097 1149 1133 1182 a
1157 1131 1403 1198 Jehovah
1427 1135 1606 1183 omnis
1637 1142 1794 1193 terra,
1818 1134 1888 1182 ab
1917 1131 2021 1184 Illo
2054 1133 2409 1183 extimescant
2436 1147 2632 1182 ornnoe
2658 1132 2902 1182 habitato-

932 1214 1018 1248 res
1042 1201 1188 1248 orbis
1205 1199 1235 1218 ”
1257 1199 1369 1262 (Pa.
1393 1200 1576 1250 xxxiii.
1609 1201 1691 1260 8):

667 1332 775 1396 hic
800 1352 1067 1415 quoque
1093 1352 1211 1414 per
1237 1337 1278 1365 ‘⁸
1297 1343 1547 1396 terram
1565 1331 1594 1358 ’³
1620 1331 2087 1413 significantur
2110 1331 2205 1396 illi
2237 1333 2351 1414 qui
2386 1333 2455 1395 in
2492 1333 2667 1396 veris
2698 1331 2902 1396 eccle·

668 1429 805 1491 siae
831 1438 1009 1503 sunt,
1032 1441 1102 1491 et
1129 1448 1248 1510 per
1271 1435 1311 1462 ‘⁴
1329 1429 1751 1491 habitatores
1776 1429 1955 1492 orbis
1972 1428 2117 1491 ”illi
2138 1429 2249 1511 qui
2276 1429 2343 1490 in
2370 1427 2567 1491 bonis
2589 1427 2901 1492 ecclesiae

669 1532 848 1585 sunt.
936 1522 1148 1604 Apud
1183 1524 1500 1598 eundem,

765 1654 1044 1721 “jehovae
1069 1664 1210 1705 terra
1231 1665 1286 1706 et
1314 1656 1588 1718 plenitudo
1613 1656 1747 1719 ejus,
1772 1655 1919 1706 orbis
1946 1667 2001 1706 et
2028 1655 2335 1706 habitantes
2362 1656 2420 1706 in
2448 1670 2547 1716 θος
2584 1655 2709 1706 Ille.
2730 1669 2902 1718 ,super

926 1722 1096 1770 maria
1121 1721 1367 1771 fundavit
1393 1736 1531 1781 eum,
1561 1731 1616 1770 et
1644 1737 1805 1784 super
1833 1722 2055 1770 flumina
2082 1723 2342 1771 stabilivit
2368 1737 2495 1771 eum
2514 1721 2544 1741 ”
2568 1721 2682 1785 (Ps.
2706 1722 2842 1770 xxiv.
2863 1733 2900 1779 1,

929 1787 1010 1849 2):

663 1933 786 1995 per
826 1913 1180 1978 “terram”
1213 1916 1421 1978 etiam
1458 1916 1571 1978 hic
1609 1913 2032 1997 significatur
2066 1915 2358 1978 ecclesia
2392 1915 2618 1997 quoad
2657 1933 2897 1986 verum,

668 2008 1079 2091 “plenitudo
1132 2009 1315 2090 ejus”
1362 2007 1701 2091 significat
1747 2011 1977 2074 omnia
2026 2030 2189 2073 vera
2241 2011 2307 2072 in
2356 2009 2768 2091 complexu3
2826 2027 2897 2070 ac

664 2125 785 2185 per
832 2103 1172 2167 “orbern''
1215 2104 1635 2186 significatur
1679 2106 1969 2168 ecclesia
2020 2105 2245 2187 quoad
2300 2104 2595 2182 bonum;
2662 2105 2899 2168 “habi-

665 2197 941 2261 tantes''
977 2197 1361 2280 significant
1407 2197 1588 2262 bona
1633 2200 1700 2260 in
1740 2199 2149 2280 complexu:
2211 2199 2369 2281 quid
2416 2219 2539 2282 per
2578 2199 2901 2262 “fundare

663 2299 822 2354 eum·
863 2311 1062 2373 super
1107 2294 1336 2368 maria,
1380 2302 1450 2356 et
1498 2293 1801 2356 stabilire
1848 2313 2000 2356 eum
2052 2312 2251 2374 super
2294 2292 2628 2369 flumina,”
2659 2291 2899 2375 signifi·

663 2394 883 2459 catur,
923 2384 1240 2446 videatur
1275 2405 1482 2467 supra
1521 2400 1590 2460 (n.
1615 2399 1840 2466 275[a],
1868 2387 2119 2466 518[d]).
2207 2385 2419 2468 Apud
2458 2385 2772 2461 Esaiam,

761 2525 791 2548 '⁴
807 2523 1182 2588 Concepimus‚
1203 2526 1597 2588 parturivimus,
1618 2527 1771 2589 quasi
1797 2527 2101 2589 peperimus
2124 2535 2347 2576 ventum
2372 2540 2385 2585 ;
2424 2527 2627 2576 salutes
2652 2541 2764 2576 non
2786 2526 2904 2575 feci-

922 2604 1041 2639 mus
1067 2600 1255 2651 terrae,
1279 2588 1386 2640 1¹let
1413 2588 1573 2656 [non]
1599 2593 1905 2642 ceciderunt
1928 2593 2257 2641 habitatores
2282 2588 2527 2642 1²10rbis”
2546 2593 2710 2655 (xxvi.
2737 2593 2845 2653 18):

2874 2723 2902 2748 η

659 2723 768 2786 hic
821 2742 1088 2805 quoque
1137 2723 1421 2788 “terra”
1468 2743 1590 2806 pro
1641 2723 1931 2788 ecclesia
1982 2726 2205 2807 quoad
2258 2745 2445 2801 vera,
2504 2735 2579 2789 et
2628 2725 2861 2788 “orbis

659 2835 786 2896 pro
820 2815 1117 2877 ecclesia
1151 2815 1380 2897 quoad
1418 2814 1621 2879 bona.
1708 2833 1941 2892 (Reliqua
1964 2845 2125 2892 supra,
2154 2845 2202 2880 n.
2231 2831 2457 2897 721[a].
2488 2833 2729 2892 explicam
2752 2833 2900 2890 sunt.)

659 2907 866 2988 Apud
905 2907 1220 2985 eundem,

757 3042 1244 3106 “Appropinquate
1262 3051 1454 3106 gentes
1472 3043 1540 3092 ad
1563 3043 1907 3102 audiendum,
1926 3052 1981 3092 et
1998 3045 2183 3106 populi
2201 3043 2501 3094 auscultate
2521 3059 2535 3102 ς
2563 3043 2749 3094 audiat
2767 3052 2906 3093 terra

918 3118 972 3157 et
999 3109 1278 3170 plenitudo
1300 3109 1433 3171 ejus,
1459 3110 1606 3158 orbis
1633 3119 1689 3158 et
1714 3124 1909 3159 omnes
1935 3111 2185 3172 prognati
2208 3109 2328 3172 ejus
2344 3109 2372 3130 '⁸
2396 3109 2598 3172 (xxxiv.
2628 3111 2709 3172 1):

656 3239 834 3321 quod
882 3258 1003 3320 per
1044 3245 1347 3321 “gentes
1364 3239 1396 3264 ’'
1430 3239 1905 3320 intelligantur
1948 3239 2044 3302 illi
2087 3241 2202 3322 qui
2246 3241 2315 3303 in
2362 3241 2561 3304 bonis
2606 3249 2799 3316 sunt,
2840 3249 2906 3304 et

655 3352 778 3414 per
817 3331 1170 3414 “populos
1187 3331 1218 3356 ”
1253 3331 1352 3394 illi
1396 3333 1510 3414 qui
1552 3333 1619 3394 in
1665 3335 1865 3407 veris,
1904 3332 2218 3395 videatur
2252 3353 2463 3414 supra
2501 3349 2571 3407 (n.
2604 3345 2741 3412 175,
2768 3346 2906 3412 331,

653 3421 736 3482 62
747 3435 846 3500 5);
891 3442 1100 3504 quare
1131 3421 1344 3484 etiam
1377 3422 1647 3496 dicitur,
1679 3423 2003 3486 “Audiat
2030 3432 2214 3485 terra
2245 3432 2317 3484 et
2348 3422 2714 3505 plenitudo
2735 3422 2903 3502 ejuS,

655 3515 835 3577 orbis
872 3526 942 3577 et
989 3534 1228 3578 omnes
1266 3517 1586 3596 prognati
1622 3515 1823 3596 ejus,”
1861 3534 2019 3578 nam
2059 3535 2176 3596 per
2218 3520 2531 3578 “terram
2568 3525 2641 3578 et
2687 3516 2903 3597 pleni·

653 3609 960 3672 tudinem
1007 3607 1194 3691 ejus”
1238 3607 1657 3690 significatur
1709 3609 1997 3673 ecclesia
2042 3609 2268 3691 quoad
2324 3611 2552 3673 omnia
2598 3631 2779 3685 vera,
2828 3620 2898 3674 et

653 3723 773 3786 per
796 3708 835 3735 ‘⁴
854 3703 1089 3766 orbem
1121 3712 1192 3766 et
1226 3722 1465 3766 omnes
1490 3715 1868 3784 prognatos
1893 3704 2033 3785 ejus
2048 3703 2079 3728 ”
2101 3704 2393 3767 ecclesia
2417 3704 2644 3786 quoad
2673 3707 2905 3769 omnia

653 3799 853 3864 bona.
942 3799 1154 3880 Apud
1193 3800 1510 3876 eundem,

751 3931 1002 3982 “Omnes
1037 3932 1368 3984 habitatores
1407 3933 1555 3983 orbis
1593 3944 1650 3983 et
1691 3933 1903 3984 incolae
1950 3944 2137 3996 terrae,
2174 3935 2391 3998 quando
2432 3935 2651 3986 tolletur
2690 3937 2905 4000 signum

913 3999 1196 4058 montium,
1220 3998 1443 4061 aspicite
1466 4013 1480 4061 ς
1515 4009 1569 4048 et
1592 4013 1715 4048 cum
1744 4001 2025 4063 clangetur
2070 4002 2312 4061 buccina,
2337 4002 2517 4051 audite
2533 3999 2563 4020 '⁹
2586 4001 2755 4062 (xviii.
2774 4003 2857 4064 3):

650 4151 770 4212 per
817 4130 1300 4218 &habitatores
1344 4131 1571 4196 orbis”
1615 4142 1688 4196 et
1738 4133 2063 4198 “incolas
2110 4133 2388 4199 terrae”
2434 4134 2907 4218 significantur

649 4241 893 4286 omnes
942 4225 1012 4288 in
1055 4223 1356 4287 ecclesia
1399 4226 1514 4307 qui
1557 4225 1627 4289 in
1672 4225 1875 4290 bonis
1918 4237 1992 4290 et
2035 4229 2103 4290 in
2148 4228 2331 4291 veris
2374 4238 2539 4290 sunt
2586 4243 2665 4304 (ut
2692 4246 2900 4305 supnj:

649 4315 986 4379 adventus
1021 4314 1294 4380 Domini
1325 4316 1745 4399 significatur
1776 4339 1897 4402 per
1924 4326 1964 4352 ‘⁸
1986 4319 2284 4402 Quando
2314 4319 2597 4385 tolletur
2630 4323 2903 4404 signum

649 4412 1004 4486 montium,
1025 4411 1310 4492 aspicite
1334 4432 1352 4490 ;
1384 4423 1456 4476 et
1477 4431 1630 4475 cum
1652 4414 2009 4495 clangetur
2030 4415 2334 4489 buccina,
2360 4415 2593 4479 audite
2622 4415 2675 4494 ;”
2699 4423 2739 4450 ‘⁴
2758 4419 2902 4500 sig-

648 4525 808 4568 num
854 4525 1052 4588 super
1097 4507 1444 4571 montibus
1465 4506 1496 4532 ”
1535 4507 1874 4589 significat
1922 4511 2489 4574 convocationem
2536 4511 2627 4574 ad
2672 4511 2903 4578 eccle-

647 4602 836 4678 siam,
877 4601 1186 4667 similiter
1225 4601 1610 4667 “buccina‘'
1650 4622 1783 4686 qua
1818 4601 2289 4686 clangebatur.
