3259 5384
496 636 663 718 2478
1113 652 1613 707 APOCALYPSIS
1661 654 2110 708 EXPLICATA.

493 821 795 903 regimen
825 832 896 886 et
928 823 1337 902 dominium3
1385 843 1542 888 nam
1574 823 1872 889 insidens
1895 826 2084 909 equis
2116 846 2235 906 per
2255 824 2514 889 frenum
2545 828 2725 910 regit

491 911 649 975 illos
684 923 756 976 et
793 913 1185 977 dominatur
1216 936 1419 998 super
1449 916 1626 979 illos,
1715 932 1884 991 (Quod
1903 928 2060 991 “equi
2075 932 2101 949 ··
2131 932 2398 992 significem
2425 934 2724 981 inteneekmn

490 1008 587 1053 veri
614 1022 675 1054 ex
696 1008 875 1063 Verbo,
897 1010 1114 1055 videatur
1139 1024 1300 1068 supra,
1330 1025 1377 1057 n.
1410 1010 1487 1077 35
1500 1010 1551 1076 5.
1584 995 1737 1075 364;
1779 1020 1828 1059 et
1853 1014 1990 1069 quod
2019 1008 2045 1027 ⁸⁸
2062 1012 2236 1059 frena”
2260 1013 2476 1071 regimen
2501 1020 2550 1059 et
2570 1014 2726 1059 domi-

490 1098 638 1152 nium,
656 1098 896 1145 videbitur
920 1098 1079 1159 infra.)
1163 1083 1369 1166 Quod
1414 1084 1792 1148 dominium
1837 1106 2042 1167 super
2084 1085 2518 1149 intellectum
2552 1088 2721 1151 atti-

490 1188 631 1253 net,
686 1188 791 1242 est
852 1176 1239 1243 intellectus
1288 1181 1425 1243 veri
1479 1181 1544 1243 in
1599 1180 1834 1245 Verbo
1887 1182 2000 1265 qui
2053 1181 2492 1263 intelligitur;
2559 1184 2723 1246 dum

489 1274 667 1337 enim
699 1272 867 1337 salsa
902 1272 1245 1355 religionis
1281 1274 1767 1339 confirmantur
1804 1296 1894 1338 ex
1940 1295 2142 1339 sensu
2188 1276 2458 1340 litterae
2482 1275 2719 1353 Verbi,

488 1377 652 1431 tunc
712 1366 1098 1431 intellectus
1160 1387 1296 1432 non
1349 1368 1633 1451 amplius
1687 1370 1875 1433 videt
1926 1390 2200 1449 verum3
2270 1372 2723 1454 unusquisque

488 1462 668 1525 enim
704 1464 815 1544 qui
853 1462 919 1525 in
958 1460 1309 1525 affectione
1342 1464 1478 1526 veri
1511 1462 1838 1545 spirituali
1870 1473 1998 1537 est,
2023 1484 2062 1527 a
2095 1464 2392 1528 Domino
2423 1465 2721 1530 illustra·

487 1564 597 1619 tur
641 1556 803 1620 dum
850 1556 1017 1639 legit
1062 1554 1391 1631 Verbum,
1430 1578 1509 1621 ac
1554 1554 1942 1622 intellectus
1987 1568 2096 1622 est
2140 1560 2252 1641 qui
2305 1558 2720 1625 illustratur:

488 1649 601 1731 qui
637 1659 866 1713 autem
913 1670 1053 1715 non
1095 1652 1163 1713 in
1209 1648 1562 1715 affectione
1598 1652 1737 1715 veri
1783 1652 2109 1733 spirituali
2155 1663 2282 1727 est,
2321 1672 2460 1716 non
2495 1652 2722 1735 quoad

487 1742 910 1808 intellectum
957 1755 1186 1826 potest
1233 1745 1569 1821 illustrari,
1612 1765 1776 1811 nam
1827 1748 1884 1810 is
1928 1746 2115 1811 videt
2160 1768 2392 1811 verum
2438 1748 2608 1813 sicut
2655 1750 2724 1812 in

488 1835 711 1914 nocte,
749 1859 829 1903 ac
866 1839 1106 1903 falsum
1144 1842 1317 1904 sicut
1346 1841 1414 1904 in
1452 1840 1640 1904 luce:
1687 1849 1759 1905 et
1789 1842 1944 1924 quia
1979 1842 2266 1905 ecclesia
2301 1842 2458 1905 talis
2501 1853 2609 1907 est
2654 1844 2723 1906 in

488 1930 618 1996 fine
655 1932 813 2014 ejus,
844 1944 1005 1998 tunc
1044 1934 1108 1997 in
1144 1945 1411 1998 tantum
1442 1936 1615 2016 perit
1652 1933 2040 1999 intellectus
2067 1938 2204 1999 veri
2245 1946 2317 1999 ut
2357 1956 2494 2000 non
2531 1936 2722 2000 illus-

488 2026 651 2090 trari
688 2028 923 2108 possit,
954 2048 1109 2091 nam
1146 2039 1309 2091 tunc
1350 2039 1617 2092 tantum
1654 2029 1824 2093 falsa
1861 2030 2203 2111 religionis
2240 2029 2725 2095 confirmantur

488 2139 579 2183 ex
617 2120 871 2197 Verbo,
914 2121 1042 2185 hoc
1082 2132 1211 2197 est,
1245 2120 1636 2185 falsificatur
1673 2122 2019 2201 Verbum;
2066 2124 2194 2187 hoc
2232 2123 2307 2187 fit
2343 2124 2523 2205 apud
2565 2124 2722 2189 illos

487 2216 599 2297 qui
645 2235 762 2297 per
802 2214 1340 2297 “Babylonem,”
1374 2237 1544 2280 vers,
1584 2218 1643 2291 8,
1685 2227 1756 2280 et
1804 2236 1922 2299 per
1961 2216 2372 2293 “bestiam,”
2407 2239 2576 2282 verS.
2623 2234 2720 2295 10,

488 2308 682 2391 hujus
728 2311 991 2391 capitiS,
1032 2310 1543 2393 intelliguntur3
1604 2310 1692 2375 de
1734 2310 2194 2393 “Babylone”
2231 2314 2411 2376 enim
2457 2313 2722 2389 dicitur,
2818 2335 2822 2337 ·

488 2404 667 2486 quod
705 2409 851 2467 “ex
884 2406 1042 2470 vino
1072 2406 1207 2468 irae
1240 2406 1676 2469 scortationis
1707 2425 1868 2469 suae
1902 2406 2245 2487 potaverit
2279 2424 2520 2469 omnes
2551 2424 2724 2485 gen·

489 2508 595 2563 tes
618 2498 670 2576 ;”
729 2509 800 2562 et
854 2498 939 2561 de
988 2498 1309 2562 “bestia’'
1353 2499 1465 2575 ibi,
1520 2500 1703 2582 quod
1753 2502 1920 2582 “qui
1974 2499 2356 2563 adoraverit
2406 2499 2722 2573 bestiam,

488 2593 675 2656 bibet
700 2614 791 2656 ex
815 2594 975 2656 vino
998 2594 1134 2657 irae
1167 2593 1294 2656 Dei
1323 2594 1543 2658 mixto
1569 2613 1757 2657 mero
1787 2594 2404 2657 excandescentiae
2429 2592 2647 2673 Ipsius
2670 2591 2726 2671 ;”

487 2687 669 2769 quod
702 2706 820 2767 per
850 2687 1017 2751 haec
1057 2697 1126 2751 et
1159 2706 1278 2769 per
1309 2687 1424 2751 illa
1461 2686 1922 2769 significentur
1955 2686 2456 2751 falsificationes
2487 2686 2722 2763 Verbi,

487 2783 804 2847 videatur
852 2803 1057 2867 supra
1100 2799 1169 2858 (ιι.
1212 2785 1329 2847 881
1380 2791 1453 2847 et
1498 2784 1669 2865 887).
1755 2782 1960 2865 Quod
2005 2781 2404 2848 intelleEtus
2453 2784 2598 2846 veri
2652 2785 2722 2846 in

489 2878 744 2954 Verb0‚
772 2881 950 2961 apud
983 2880 1157 2943 tales
1187 2881 1299 2962 qui
1330 2879 1803 2961 intelliguntur
1835 2900 1952 2961 per
1980 2887 2021 2913 ‘⁶
2040 2881 2462 2944 habitatores
2495 2878 2724 2961 Baby-

485 2973 706 3037 lonis”
751 2985 821 3038 et
868 2994 985 3055 per
1033 2974 1488 3038 “adoratores
1533 2972 1854 3048 bestiae,”
1898 2975 2190 3056 perierit,
2240 2984 2346 3037 est
2393 2975 2550 3056 quia
2591 2973 2727 3037 illis

488 3088 623 3131 non
662 3068 934 3151 aliquod
967 3068 1219 3131 bonurn
1252 3066 1595 3149 spirituale
1635 3077 1780 3145 est;
1827 3078 1900 3131 et
1932 3067 2059 3130 hoc
2098 3066 2373 3143 bonum,
2401 3068 2584 3149 quod
2615 3076 2724 3131 est

485 3163 739 3227 bonum
778 3163 1128 3226 charitatis
1164 3182 1205 3224 a
1242 3161 1558 3238 Domino,
1586 3162 1780 3225 unice
1818 3163 2032 3243 aperit
2071 3172 2373 3225 mentem
2411 3162 2723 3242 spiritua·

486 3256 645 3331 lem,
680 3278 798 3339 per
834 3276 1037 3340 quam
1074 3254 1287 3319 influit
1327 3254 1660 3319 Dominus
1690 3266 1760 3319 et
1797 3255 2115 3328 illustrat,
2151 3266 2224 3319 et
2259 3256 2512 3337 absque
2549 3254 2726 3317 illius

487 3353 736 3416 mentis
780 3352 1153 3433 aperitione
1200 3370 1335 3413 non
1383 3349 1522 3413 dari
1562 3359 1793 3430 potest
1841 3348 2222 3425 illustrati0,
2271 3349 2552 3431 proinde
2599 3368 2724 3413 nec

485 3444 873 3510 intellectus
918 3446 1093 3509 veri:
1155 3446 1267 3527 qui
1312 3443 1529 3508 credit
1572 3444 1756 3527 quod
1803 3466 1892 3506 ex
1940 3444 2192 3507 lumine
2238 3444 2518 3507 rationis
2576 3443 2728 3508 solo

486 3542 705 3625 possit
764 3541 990 3604 videre
1049 3537 1323 3621 aliquod
1384 3558 1616 3601 verum
1677 3537 2028 3613 ecclesiae,
2084 3537 2374 3601 multum
2431 3535 2725 3616 fallitur;

484 3636 655 3699 scire
700 3634 971 3717 quidem
1018 3632 1183 3696 illud
1230 3654 1318 3695 ex
1365 3632 1499 3697 alio
1542 3642 1795 3713 potest,
1836 3632 1955 3695 sed
2001 3652 2141 3695 non
2172 3631 2398 3695 videre
2445 3632 2610 3695 illud
2655 3632 2726 3695 in

486 3728 677 3809 luce;
732 3730 892 3792 dum
930 3727 1074 3791 vult
1114 3726 1341 3790 videre
1386 3725 1549 3789 illud
1596 3746 1714 3789 seu
1759 3726 2180 3808 cogitatione
2225 3727 2490 3808 assequi
2535 3723 2722 3799 illud,

487 3825 805 3888 oberrant
838 3842 1063 3886 merae
1095 3821 1370 3884 umbrae
1407 3842 1496 3884 ex
1533 3820 1738 3895 falsiS,
1779 3839 1954 3902 quae
1989 3821 2363 3884 scaturiunt
2401 3838 2492 3883 ex
2529 3818 2724 3883 falla·

487 3920 605 3983 ciis
635 3928 706 3982 et
731 3938 821 3981 ex
849 3917 1119 3998 proprio
1142 3915 1451 3990 hominiS,
1474 3935 1647 3997 quae
1670 3924 2060 3978 occaecant.
2135 3914 2248 3977 Ex
2283 3915 2386 3977 his
2410 3924 2726 3977 constare

487 4023 719 4096 potest
763 4011 921 4095 quid
968 4010 1369 4092 intelligitur
1413 4029 1531 4090 per
1574 4006 2076 4073 falsificationes
2122 4008 2337 4073 Verbi
2379 4027 2592 4090 usque
2635 4009 2727 4071 ad

486 4107 857 4172 dominium
916 4126 1116 4187 super
1178 4100 1601 4167 intellectum
1662 4102 2071 4185 profluentes
2131 4123 2221 4166 ex
2288 4102 2491 4177 malo,
2554 4123 2726 4186 quae

486 4200 951 4284 significantur
988 4220 1107 4283 per
1145 4199 1601 4279 “sanguinem
1648 4217 1686 4259 e
1731 4196 2052 4261 torculari
2095 4207 2470 4260 exeuntem
2515 4216 2726 4279 usque

486 4295 573 4359 ad
618 4296 805 4359 frena
848 4291 1228 4376 equorum.'’
1318 4292 1397 4355 In
1443 4289 1680 4355 Verbo
1731 4289 2065 4373 aliquibus
2121 4290 2192 4353 in
2252 4289 2422 4354 locis
2481 4291 2728 4354 dicitur

491 4387 870 4464 “frenum,”
908 4398 979 4451 et
1017 4406 1135 4469 per
1178 4385 1245 4449 id
1283 4386 1351 4450 in
1398 4404 1597 4449 sensu
1644 4384 1970 4467 spirituali
2015 4383 2432 4468 significatur
2469 4384 2726 4447 coerci-

485 4484 586 4549 tio
621 4492 695 4549 et
725 4484 1051 4565 regimen,
1086 4501 1163 4544 ac
1202 4480 1629 4562 praedicatur
1660 4479 1746 4542 de
1783 4476 2137 4543 intellectu
2174 4488 2247 4543 et
2284 4478 2424 4560 ejus
2461 4478 2726 4560 cogita-

487 4579 697 4655 tione,
743 4598 835 4642 ex
894 4596 1097 4642 causa
1155 4577 1312 4658 quia
1357 4575 1617 4638 frenum
1676 4582 1784 4639 est
1842 4574 2052 4657 equis,
2107 4583 2178 4638 et
2241 4592 2359 4655 per
2407 4578 2680 4657 “equos
2695 4573 2726 4599 ”
