3259 5384
618 601 798 682 2238
1209 637 1217 644 ·
1252 615 1750 667 APOCALYPSIS
1798 616 2249 669 EXPLICATA·

625 784 797 848 alius
830 786 1003 850 sicut
1037 785 1210 850 filius
1244 785 1540 866 Mariae3
1589 797 1660 851 et
1694 788 1851 871 quia
1881 789 1979 853 ita
2010 787 2443 871 distinguunt
2478 787 2909 860 Dominum,

633 903 839 948 nemo
886 883 1118 965 Ipsum
1155 883 1342 946 adire
1380 893 1636 965 potest,
1678 885 1805 947 nisi
1842 882 2010 947 velit
2046 884 2232 948 adire
2280 883 2513 966 Ipsum
2550 892 2629 948 ut
2666 883 2911 946 alium

628 978 804 1040 sicut
846 977 1088 1048 Deum,
1129 987 1200 1041 et
1239 976 1446 1039 alium
1483 977 1662 1041 sicut
1709 977 2075 1041 hominem.
2166 976 2357 1042 Talis
2401 978 2555 1040 idea
2592 977 2685 1041 de
2742 977 2909 1040 Do-

628 1073 815 1136 mino
871 1071 995 1136 suit
1054 1093 1095 1135 a
1159 1074 1377 1154 prima
1441 1073 1938 1135 instauratione
1997 1071 2352 1147 ecclesiae,
2414 1081 2488 1136 ut
2548 1082 2909 1136 constare

624 1176 860 1250 potest
917 1186 1006 1230 ex
1061 1167 1332 1248 scriptis
1388 1165 1688 1240 Patrum,
1736 1174 1808 1229 et
1864 1176 2109 1248 postea
2158 1186 2199 1230 a
2252 1167 2526 1249 scriptis
2578 1165 2907 1228 filiorum

625 1280 879 1324 eorum.
988 1259 1192 1342 Quod
1245 1259 1578 1322 Dominus
1633 1262 1703 1322 in
1756 1261 2050 1324 ecclesia
2102 1281 2143 1323 a
2196 1261 2529 1342 principio
2580 1258 2737 1342 ejus
2796 1262 2907 1324 ita

624 1354 876 1417 divisus
907 1355 1018 1428 sit,
1053 1364 1159 1417 est
1198 1355 1354 1436 quia
1392 1372 1527 1416 non
1568 1352 2063 1417 intellexerunt
2097 1353 2445 1432 Verbum;
2480 1374 2645 1418 nam
2684 1355 2819 1418 ubi
2858 1375 2907 1418 a

625 1447 922 1512 Domino
947 1449 1335 1510 nominatur
1361 1447 1582 1522 Pater,
1611 1448 1945 1511 creditum
1977 1459 2083 1512 est
2110 1449 2292 1531 quod
2324 1458 2509 1511 esset
2546 1448 2901 1512 Divinum

625 1539 1024 1605 distinfflmm
1046 1541 1134 1604 ab
1155 1542 1373 1624 Ipsius
1399 1540 1749 1619 Human03
1776 1562 1929 1605 cum
1953 1551 2187 1606 tamen
2208 1543 2569 1606 manifeste
2590 1553 2903 1606 constat

621 1635 801 1719 apud
837 1635 1257 1699 Matthaeum
1293 1647 1364 1699 et
1403 1635 1581 1717 apud
1613 1635 1862 1698 Lucam
1897 1637 2079 1718 quod
2119 1636 2453 1699 Dominus
2488 1645 2900 1716 conceptus

622 1732 711 1795 sit
750 1730 839 1794 ab
875 1731 1024 1812 ipso
1061 1729 1332 1804 Divino,
1368 1731 1548 1811 quod
1590 1730 1791 1793 Pater
1828 1739 2137 1806 vocatur,
2178 1740 2250 1795 et
2290 1731 2385 1793 sic
2424 1729 2610 1812 quod
2650 1731 2899 1812 ipsum

621 1825 791 1889 illud
849 1825 1168 1889 Divinum
1216 1826 1306 1888 sit
1355 1826 1423 1888 in
1473 1825 1691 1906 Ipsius
1748 1824 2091 1898 Humano,
2142 1826 2317 1889 sicut
2362 1835 2471 1887 est
2516 1825 2763 1887 anima
2822 1826 2897 1887 in

621 1941 746 1984 suo
791 1939 1114 2002 corpore;
1177 1939 1256 1982 ac
1307 1921 1538 1982 anima
1580 1930 1653 1982 et
1701 1937 1945 2000 corpus
1994 1929 2155 1982 sunt
2207 1938 2341 1982 una
2390 1919 2738 1981 Persona:
2814 1930 2897 1983 et

622 2014 804 2098 quod
853 2016 1092 2078 mirum
1139 2024 1268 2090 est,
1311 2014 1440 2078 hoc
1489 2013 1691 2076 claris
1735 2014 1959 2076 verbis
2004 2015 2217 2077 etiam
2254 2014 2461 2077 docet
2510 2011 2896 2077 Confessio

624 2109 1126 2182 Athanasiana,
1153 2128 1328 2191 quae
1359 2118 1465 2172 est
1490 2104 1803 2170 doctrina
1826 2108 1913 2170 de
1948 2107 2099 2170 Deo
2130 2108 2197 2170 in
2232 2109 2546 2171 universo
2572 2105 2893 2171 Christi·

621 2224 758 2266 ano
795 2205 980 2278 orbe,
1021 2214 1092 2267 et
1139 2213 1374 2267 tamen
1411 2203 1528 2265 vix
1575 2202 1816 2284 aliquis
1862 2203 1929 2265 in
1966 2221 2049 2266 ea
2086 2202 2514 2266 confessione
2558 2202 2891 2265 attendit

621 2299 708 2361 ad
745 2297 953 2376 illud;
1001 2298 1183 2381 quod
1222 2316 1360 2360 non
1397 2297 1849 2370 attenderint,
1890 2297 2115 2378 patuit
2156 2296 2319 2359 mihi
2357 2297 2398 2358 a
2442 2295 2685 2359 multis
2726 2305 2886 2358 tam

620 2393 900 2456 eruditis
933 2408 1136 2473 quam
1169 2411 1306 2454 non
1340 2392 1620 2455 eruditis
1659 2402 1819 2472 post
1858 2401 2175 2464 mortem,
2210 2410 2363 2453 cum
2396 2390 2641 2473 quibus
2676 2387 2889 2452 locu-

621 2497 733 2549 tus
787 2507 958 2559 sum,
1005 2487 1392 2550 dicentibus
1437 2485 1618 2568 quod
1670 2504 1808 2548 non
1861 2485 1929 2547 id
1984 2484 2330 2559 sciverint,
2379 2484 2502 2547 sed
2547 2483 2741 2565 quod
2790 2484 2889 2546 de

620 2580 798 2643 Filio
836 2581 964 2643 Dei
1001 2580 1089 2642 ab
1119 2590 1406 2644 aeterno
1441 2581 1899 2661 cogitaverint
1938 2580 2112 2642 sicut
2149 2579 2238 2642 de
2276 2579 2523 2642 Divina
2562 2579 2887 2641 Persona

619 2694 820 2756 supra
855 2673 1247 2738 Humanum
1282 2673 1520 2756 IpsiuS,
1547 2672 1895 2736 assidente
1928 2675 2015 2736 ad
2048 2673 2371 2737 dextram
2406 2673 2667 2736 Patris:
2720 2681 2886 2735 tum

619 2770 829 2832 etiam
875 2769 1056 2850 quod
1111 2787 1236 2832 nec
1286 2768 1710 2832 attenderint
1766 2768 1852 2830 ad
1906 2768 2022 2831 illa
2068 2768 2276 2832 verba
2331 2768 2629 2842 Domini,
2681 2769 2885 2849 quod

623 2862 887 2925 “Pater
922 2873 992 2926 et
1042 2861 1198 2944 Ipse
1235 2881 1440 2926 unum
1487 2861 1687 2935 sint,”
1722 2871 1869 2925 tum
1908 2862 2091 2943 quod
2126 2862 2389 2925 “Pater
2424 2863 2492 2925 in
2540 2862 2709 2943 Ipso
2759 2864 2883 2936 sit,

619 2975 698 3020 ac
748 2957 902 3038 Ipse
940 2957 1008 3019 in
1056 2955 1314 3020 Patre.”
1405 2956 1518 3019 Ex
1567 2956 1672 3018 his
1710 2966 2029 3019 constare
2075 2965 2310 3038 potest
2348 2957 2531 3038 quod
2566 2955 2885 3019 ecclesia

620 3070 758 3114 non
785 3051 1144 3132 agnoverit
1179 3051 1498 3114 Divinum
1533 3050 1811 3114 Domini
1844 3051 1909 3113 in
1946 3049 2271 3114 Humano
2297 3051 2517 3132 Ipsius
2539 3069 2581 3112 a
2610 3051 2881 3132 princi-

619 3147 732 3230 pio
755 3144 896 3226 ejus
921 3165 936 3222 ;
975 3153 1046 3208 et
1071 3145 1253 3227 quod
1277 3144 1411 3208 hoc
1435 3145 1523 3207 sit
1553 3144 1736 3227 quod
1763 3143 2185 3226 significatur
2207 3163 2327 3226 per
2350 3143 2532 3226 quod
2562 3143 2883 3226 “Agnus

572 3247 578 3250 ’
621 3237 960 3304 mactatus
999 3239 1086 3303 sit
1125 3259 1166 3303 a
1201 3237 1601 3302 fundatione
1640 3237 1930 3301 mundi.”

738 3341 945 3406 808.
990 3357 1150 3416 [Vers.
1171 3355 1240 3415 9.]
1276 3339 1393 3403 “si
1413 3340 1549 3421 quie
1570 3341 1758 3404 babet
1774 3357 2013 3412 numm,
2036 3339 2603 3420 audiat.''—Quod
2636 3339 2879 3422 signi—

619 3431 777 3497 ficet
821 3431 1244 3514 receptionem
1289 3431 1374 3494 ab
1429 3431 1568 3495 illis
1621 3431 1743 3514 qui
1787 3432 1856 3494 in
1902 3432 2235 3495 intellec‘lu
2277 3433 2428 3495 veri
2472 3441 2543 3495 et
2586 3431 2751 3496 inde
2804 3435 2881 3496 in

607 3527 1024 3609 perceptione
1070 3525 1225 3589 boni
1269 3535 1444 3600 sunt,
1501 3534 1776 3590 constat
1828 3547 1917 3589 ex
1972 3525 2469 3608 significatione
2528 3523 2657 3588 “Si
2712 3529 2877 3610 quis

617 3621 827 3685 habet
872 3639 1122 3696 aurem,
1172 3621 1460 3694 audiat,”
1505 3621 1687 3703 quod
1732 3621 1819 3684 sit
1864 3623 1975 3703 qui
2022 3620 2343 3702 intelligit
2390 3630 2465 3685 et
2516 3623 2877 3687 auscultat

617 3715 802 3796 quod
842 3712 1179 3775 Dominus
1215 3713 1282 3774 in
1321 3711 1561 3776 Verbo
1597 3713 1810 3775 docet
1850 3729 1933 3786 (de
1961 3741 2057 3786 qua
2078 3741 2238 3788 supra.
2260 3741 2308 3777 n.
2340 3715 2475 3782 108.
2508 3715 2641 3781 180.
2668 3729 2707 3776 2
2718 3728 2752 3794 5
2767 3729 2875 3795 5);

617 3807 774 3869 inde
821 3807 1027 3869 etiam
1072 3825 1192 3886 per
1235 3804 1352 3868 illa
1391 3805 1598 3868 verba
1638 3804 2058 3886 significatur
2094 3805 2397 3886 receptio
2434 3803 2663 3866 Divini
2698 3803 2877 3868 Veri

617 3899 706 3962 ab
750 3897 878 3961 illis
913 3900 1026 3981 qui
1069 3899 1136 3961 in
1173 3895 1529 3963 intellectu
1565 3898 1709 3980 ejus
1744 3910 1939 3963 sunt:
1989 3899 2172 3980 quod
2210 3901 2421 3962 etiam
2464 3899 2598 3962 sint
2634 3898 2754 3980 qui
2802 3899 2875 3961 in

618 3993 1055 4073 perceptione
1086 3993 1266 4068 boni,
1301 4003 1407 4057 est
1441 3993 1597 4075 quia
1631 4013 1755 4074 per
1783 3997 2069 4056 “aurem
2100 3991 2397 4058 habere”
2420 4002 2492 4056 et
2526 3991 2875 4058 “audire''

616 4086 1030 4168 significatur
1071 4096 1214 4152 tam
1257 4088 1643 4170 intelligere
1685 4108 1918 4152 verum
1950 4108 2151 4171 quam
2185 4089 2525 4171 percipere
2562 4087 2869 4167 bonum;

614 4181 997 4262 intelligere
1035 4201 1267 4246 verum
1305 4193 1412 4246 est
1454 4183 1915 4264 cogitationiS,
1956 4202 2035 4247 ac
2082 4184 2425 4265 percipere
2460 4181 2717 4245 bonum
2756 4195 2872 4247 est

614 4273 1008 4351 affectionis,
1056 4295 1135 4340 ac
1190 4287 1548 4360 utrumque
1593 4286 1701 4340 est
1752 4278 1929 4341 auris
1986 4297 2103 4340 seu
2148 4277 2551 4354 auditionis;
2611 4279 2869 4342 transit

614 4370 794 4434 enim
841 4368 1023 4453 quod
1076 4371 1284 4435 intrat
1338 4389 1568 4435 aurem
1621 4372 1690 4434 in
1744 4372 1960 4434 visum
2013 4367 2422 4447 intellestuS,
2470 4379 2543 4434 et
2586 4391 2867 4454 quoque

611 4465 682 4528 in
721 4463 1146 4528 affectionem
1184 4464 1598 4542 voluntatis:
1646 4485 1849 4547 quare
1890 4485 2009 4547 per
2049 4463 2379 4530 “aurem''
2415 4475 2489 4530 et
2524 4484 2645 4547 per
2685 4471 2867 4529 “au-

611 4559 754 4624 dire
769 4557 798 4584 ”
817 4558 1233 4642 significatur
1254 4559 1663 4624 auscultatio
1686 4570 1757 4624 et
1782 4560 2171 4624 obedientia
2192 4580 2209 4640 ;
2248 4559 2403 4624 inde
2428 4579 2547 4644 per
2568 4566 2609 4593 ‘⁴
2627 4560 2865 4626 audire
