3259 5384
590 596 755 678 1980
1198 608 1697 661 APOCALYPSIS
1744 608 2194 660 EXPLICATA.

578 781 714 844 siae
751 781 930 863 apud
968 790 1252 863 gentes:
1303 781 1689 846 reformatio
1726 791 1798 846 'et
1834 774 2263 865 regeneratio
2300 801 2530 848 earum
2562 781 2811 848 descri-

579 875 758 938 bitur
803 896 922 957 per
961 877 1408 959 “parturire,”
1447 876 1800 959 “parere,”
1840 877 2065 940 “eniti
2112 876 2545 953 masculum,”
2580 887 2652 942 et
2700 898 2815 958 per

581 969 945 1050 “frangere
977 970 1376 1034 matricem”
1408 979 1480 1034 et
1511 976 1551 1004 “
1569 991 1899 1053 generare
1926 969 1976 1049 ;”
2015 990 2194 1045 nam,
2222 981 2296 1034 ut
2328 991 2530 1053 supra
2561 969 2814 1035 dictum

577 1073 705 1137 est,
746 1063 954 1128 homo
990 1065 1099 1146 qui
1138 1086 1176 1128 e
1215 1085 1394 1129 novo
1431 1076 1817 1147 generatur,
1858 1065 2165 1128 similiter
2196 1067 2385 1148 quasi
2418 1067 2813 1148 concipitur,

577 1168 889 1238 gestatur
933 1159 999 1222 in
1047 1169 1265 1235 utero,
1304 1161 1620 1235 nascitur,
1658 1159 2005 1234 educatur,
2045 1169 2118 1222 et
2163 1159 2517 1234 adolescit,
2558 1161 2731 1223 sicut
2776 1181 2817 1221 a

577 1261 772 1332 patre
826 1261 896 1315 et
946 1264 1205 1316 matre:
1269 1274 1388 1336 per
1433 1253 1820 1316 “Zionem”
1866 1262 1936 1316 et
1991 1273 2111 1336 per
2159 1251 2817 1334 “Hierosolymam’'

577 1346 977 1428 intelligitur
1029 1347 1318 1412 ecclesia
1370 1356 1441 1412 et
1495 1345 1804 1411 doctrina
1856 1347 2036 1428 ejus;
2099 1355 2170 1411 et
2224 1366 2344 1427 per
2392 1353 2692 1430 “sugere
2744 1353 2859 1411 et'

576 1442 860 1504 saturari
879 1463 970 1504 ex
991 1442 1194 1505 ubere
1216 1441 1765 1506 consolationum
1790 1441 1930 1522 ejus
1946 1440 1975 1465 ”
1996 1440 2413 1522 significatur
2432 1441 2517 1504 ad
2541 1441 2814 1522 plenum

576 1535 813 1598 instrui
843 1537 910 1598 in
942 1537 1116 1600 veris
1147 1557 1238 1599 ex
1272 1536 1452 1599 bono
1484 1557 1574 1598 ex
1607 1534 1914 1616 jucundo
1946 1537 2217 1610 amoriS,
2253 1536 2340 1598 ad
2372 1535 2813 1598 desiderium:

577 1647 696 1708 per
753 1629 989 1694 “diem
1055 1630 1307 1694 unum”
1362 1650 1496 1712 quo
1560 1630 1680 1693 illa
1750 1627 1935 1705 fient,
1996 1627 2415 1711 significatur
2478 1629 2814 1692 adventus

579 1723 872 1787 Domini.
959 1723 1168 1807 Apud
1205 1724 1555 1800 Davidem,

675 1857 774 1908 “A
795 1871 978 1908 coram
1005 1857 1242 1907 Domino
1266 1859 1515 1921 parturis,
1541 1867 1699 1916 terra,
1724 1873 1759 1908 a
1780 1871 1961 1908 eoram
1994 1856 2111 1908 Deo
2136 1853 2422 1922 1¹1Jac0bi”
2444 1857 2557 1919 (Ps.
2574 1857 2712 1908 cxiv.
2736 1858 2813 1919 7)·.

577 2011 695 2074 per
735 1989 1106 2065 “ParturiS‚
1141 1990 1381 2066 terra,’'
1412 1989 1835 2071 significatur
1870 1989 2274 2054 instauratio
2310 1989 2661 2064 ecclesiae,
2696 2011 2813 2054 seu

577 2085 964 2148 reformatio
1007 2084 1274 2147 illorum
1320 2085 1432 2167 qui
1476 2085 1564 2147 ab
1609 2083 1899 2147 ecclesia
1945 2095 2141 2147 erunt
2166 2105 2183 2162 ;
2234 2085 2618 2166 “parturire
2634 2085 2665 2108 ”
2710 2093 2815 2147 est

577 2181 874 2261 recipere
911 2199 1071 2242 vera
1106 2199 1186 2241 ac
1225 2178 1588 2254 reformari,
1624 2187 1695 2242 et
1735 2182 1974 2241 “terra
1991 2178 2021 2203 ”
2052 2189 2159 2240 est
2197 2178 2523 2240 ecclesia:
2574 2179 2815 2242 dicitur

580 2281 679 2337 “a
715 2292 944 2336 coram
983 2273 1281 2337 Domino
1297 2272 1327 2298 ”
1359 2283 1430 2335 et
1465 2277 1564 2336 “a
1600 2292 1830 2335 coram
1871 2272 2022 2335 Deo
2054 2271 2349 2353 Jacobi,”
2379 2274 2533 2354 quia
2563 2272 2813 2336 intelli-

577 2369 760 2449 gitur
803 2366 1193 2431 reformatio
1239 2367 1464 2450 quoad
1510 2366 1765 2430 bonum
1809 2377 1878 2429 et
1917 2367 2141 2449 quoad
2187 2385 2441 2440 verum,
2484 2366 2815 2429 Dominus

578 2461 758 2523 enim
797 2460 1043 2523 dicitur
1082 2460 1473 2523 “Dominus
1490 2459 1520 2484 ”
1557 2481 1596 2524 a
1632 2459 1838 2535 bono,
1880 2480 1959 2524 ac
2000 2458 2289 2522 “Deus''
2320 2479 2359 2522 a
2396 2480 2577 2522 vero,

705 2550 832 2634 [ἰὴ]
897 2551 1109 2633 Apud
1140 2550 1542 2627 Jeremiam,

680 2686 711 2706 “
733 2682 868 2734 Ecce
892 2683 1163 2732 adducens
1187 2699 1282 2733 eos
1305 2699 1337 2732 e
1361 2693 1502 2734 terra
1525 2685 1925 2747 septentrionis,
1949 2694 2003 2733 et
2024 2685 2365 2746 congregabo
2388 2698 2484 2733 eos
2507 2699 2542 2732 a
2562 2684 2815 2734 lateribus

841 2757 1014 2797 terrae
1033 2763 1046 2807 ;
1083 2748 1222 2798 inter
1236 2764 1330 2798 eos
1350 2764 1537 2798 caecus
1553 2759 1607 2798 et
1625 2750 1860 2807 claudus,
1879 2751 2104 2811 gravida
2125 2758 2180 2798 et
2208 2750 2423 2812 pariens
2442 2749 2617 2809 simul,
2633 2761 2815 2800 coetus

839 2828 1068 2876 magnus
1093 2824 1429 2864 revertentur
1451 2815 1554 2864 huc
1569 2815 1596 2834 ”
1619 2815 1783 2877 (xxxi.
1805 2816 1888 2875 8);

577 2927 786 2990 etiam
833 2926 998 2990 haec
1039 2927 1123 2991 de
1164 2929 1661 2991 restauratione
1697 2927 2024 2991 ecclesiae
2071 2926 2249 3008 apud
2296 2937 2541 3008 gentes
2584 2948 2625 2990 a
2672 2927 2813 2991 Do-

579 3022 799 3084 mino:
855 3031 1100 3103 gentes
1145 3042 1318 3103 quae
1370 3023 1435 3084 in
1491 3021 1673 3084 falsis
1726 3031 1795 3085 et
1851 3041 2021 3104 quae
2077 3023 2140 3083 in
2188 3023 2327 3084 veri
2380 3023 2811 3103 apparentiis,

579 3115 814 3198 quales
845 3125 1003 3178 sunt
1041 3135 1200 3178 vera
1238 3114 1448 3178 Verbi
1485 3116 1553 3177 in
1589 3136 1791 3179 sensu
1835 3115 2103 3178 litterae
2141 3113 2301 3197 ejus,
2342 3115 2816 3196 intelliguntur

578 3229 698 3290 per
739 3215 1046 3272 “terram
1092 3209 1620 3288 septentrionis”
1658 3218 1728 3272 et
1775 3229 1895 3290 per
1936 3209 2209 3272 “latera
2252 3219 2473 3272 terrae
2500 3208 2550 3286 ;”
2602 3215 2813 3290 “sep-

579 3303 832 3366 tentrio
856 3302 888 3329 ”
945 3301 1285 3384 significat
1351 3303 1538 3375 falsa,
1607 3314 1679 3366 et
1749 3303 2031 3366 “latera
2097 3313 2319 3367 terrae
2344 3303 2374 3328 '⁹
2432 3301 2815 3384 significant

581 3397 819 3460 ultima
848 3417 1008 3460 vera
1045 3397 1251 3460 talia:
1301 3397 1456 3460 inde
1494 3398 1702 3460 etiam
1734 3398 1999 3472 dicitur,
2038 3399 2271 3461 “inter
2306 3419 2427 3461 eos
2465 3417 2707 3462 caecus
2742 3407 2815 3461 et

579 3491 880 3566 claudus,
936 3491 1218 3572 gravida
1271 3502 1343 3554 et
1404 3493 1673 3573 pariens
1699 3490 1752 3568 ;'’
1817 3497 2120 3556 “caecus
2140 3492 2169 3516 ”
2223 3504 2329 3556 est
2384 3493 2494 3575 qui
2552 3511 2690 3555 non
2748 3491 2815 3554 in

578 3586 773 3658 veri3‚
809 3596 879 3648 et
915 3585 1252 3649 “claudus
1269 3585 1298 3610 ”
1330 3586 1440 3668 qui
1477 3605 1610 3648 non
1650 3585 1717 3648 in
1754 3585 1969 3660 boniS,
2008 3586 2345 3666 “gravida
2359 3584 2389 3611 ”
2421 3606 2594 3668 quae
2627 3606 2815 3650 rece-

581 3681 679 3760 pit
716 3699 894 3753 vera,
934 3691 1004 3742 et
1047 3681 1372 3761 “pariens
1391 3680 1419 3705 ”
1455 3681 1567 3762 qui
1612 3677 1771 3742 facit
1818 3678 1970 3742 illa:
2020 3681 2199 3762 quod
2242 3701 2331 3743 ex
2380 3680 2511 3744 illis
2557 3681 2814 3743 instau-

578 3773 793 3836 randa
837 3774 924 3836 sit
970 3774 1280 3848 ecclesia,
1329 3771 1750 3854 significatur
1796 3791 1914 3854 per
1962 3773 2203 3836 “Ecce
2262 3774 2417 3855 Ego
2468 3774 2814 3837 adducens

579 3887 720 3942 eoS,
762 3868 1200 3948 congregabo
1245 3888 1384 3943 eoS,
1426 3876 1496 3931 et
1543 3879 1783 3931 coetus
1830 3886 2119 3948 magnus
2159 3877 2583 3932 revertentur
2628 3865 2815 3930 huc.”

581 3961 789 4044 Apud
827 3961 1132 4037 Esaiam,

677 4097 992 4161 “Respicite
1025 4098 1094 4147 ad
1127 4107 1334 4161 petram
1369 4113 1436 4148 ex
1462 4111 1570 4162 qua
1594 4097 1757 4147 excisi
1792 4096 1939 4156 estis,
1967 4105 2021 4146 et
2049 4097 2118 4146 ad
2145 4095 2493 4146 effossionem
2522 4095 2717 4146 foveae
2744 4109 2809 4145 ex

841 4179 947 4228 qua
973 4163 1156 4214 effossi
1185 4164 1346 4220 estis:
1382 4165 1630 4226 respicite
1656 4164 1725 4212 ad
1750 4162 2113 4211 Abrahamum
2146 4170 2350 4224 patrem
2379 4169 2633 4220 vestrum,
2662 4171 2717 4211 et
2742 4161 2811 4211 ad

841 4229 1028 4278 Saram
1049 4243 1184 4293 quae
1208 4231 1487 4291 parturivit
1505 4243 1604 4277 vos
1625 4243 1639 4288 ;
1668 4243 1794 4278 nam
1820 4227 2033 4276 unicum
2054 4227 2243 4276 vocavi
2268 4241 2405 4286 eum,
2421 4236 2475 4275 et
2498 4226 2809 4276 benedicam

841 4295 933 4353 illi,
955 4303 1011 4342 et
1035 4295 1398 4357 multiplicabo
1422 4309 1543 4343 eum
1565 4308 1577 4353 ;
1613 4308 1739 4342 nam
1764 4293 2129 4341 consolabitur
2150 4291 2393 4356 Jehovah
2418 4291 2659 4350 Zionem,
2683 4305 2813 4341 con-

841 4359 1104 4409 solabitur
1121 4373 1311 4408 omnes
1330 4362 1607 4409 vastitates
1625 4359 1760 4422 ejus,
1780 4367 1834 4406 et
1856 4367 2024 4419 ponet
2042 4359 2316 4407 desertum
2341 4358 2459 4419 ejus
2482 4358 2621 4407 sicut
2645 4355 2811 4416 Eden,

840 4435 897 4474 et
917 4425 1261 4474 solitudinem
1287 4426 1404 4488 ejus
1429 4426 1564 4474 sicut
1586 4427 1801 4474 hortum
1824 4421 2064 4486 jehovae
2078 4422 2107 4442 ''
2132 4423 2205 4484 (li.
2228 4423 2360 4485 1-3):

580 4541 750 4606 haec
801 4562 1068 4626 quoque
1120 4541 1207 4605 de
1260 4541 1578 4617 Domino,
1633 4549 1707 4605 et
1759 4539 1845 4603 de
1896 4559 2074 4603 nova
2130 4538 2417 4604 ecclesia
2469 4539 2558 4603 ab
2612 4539 2813 4622 Ipso;
