3259 5384
945 665 1102 717 GAP.
1139 666 1292 730 x11.,
1327 665 1535 717 VERs.
1579 665 1791 715 1.—-N.
1824 649 2064 734 710[c].
2440 663 2610 730 ‘1941

378 839 502 903 tris
518 837 548 863 ’⁹
585 835 1006 920 significatur
1041 837 1294 901 bonum
1339 837 1587 899 amoris
1631 843 1705 899 et
1742 853 1973 899 verum
2018 831 2195 897 illius
2237 832 2441 909 boni3
2499 850 2619 913 per

377 930 734 997 “fructum
789 931 1048 996 terrae”
1094 930 1510 1013 significatur
1559 949 1762 994 omne
1815 929 2188 1005 ecclesiae;
2251 947 2370 1008 per
2426 927 2619 990 “sru-

371 1037 691 1091 mentum
737 1036 809 1090 et
855 1025 1196 1090 mustum”
1243 1024 1661 1107 significatur
1712 1043 1912 1087 omne
1958 1023 2213 1086 bonum
2266 1031 2338 1085 et
2383 1040 2617 1085 verum

375 1123 442 1185 in
485 1122 779 1185 naturali
817 1122 1127 1199 homine;
1175 1141 1293 1202 per
1331 1120 1600 1184 “fetum
1638 1119 1843 1183 boum
1882 1129 1953 1182 et
1992 1136 2311 1199 pecorum
2348 1117 2575 1198 gregis
2590 1116 2620 1141 ’⁹

373 1215 850 1298 significantur
873 1213 1260 1278 affectiones
1293 1213 1560 1277 illorum
1591 1213 1970 1276 exteriores
2001 1221 2073 1275 et
2104 1211 2500 1288 interiores;
2550 1211 2617 1272 in

363 1329 626 1392 genere
673 1329 791 1391 per
836 1311 1064 1372 omnia
1106 1308 1222 1372 illa
1265 1306 1681 1390 significatur
1718 1304 2140 1370 fructificatio
2177 1314 2249 1368 et
2287 1303 2615 1386 multipli-

374 1404 566 1467 catio
603 1403 890 1467 illorum.

463 1497 596 1582 [0.]
659 1498 873 1580 Apud
906 1495 1218 1574 Esaiam,

465 1645 497 1667 ‘⁸
512 1643 655 1694 Ecce
681 1641 798 1705 Ego
823 1642 1064 1691 excitans
1081 1651 1272 1690 contra
1292 1656 1388 1690 eos
1414 1640 1653 1699 Medum,
1680 1640 1769 1704 qui
1794 1649 2079 1703 argentum
2102 1654 2212 1689 non
2238 1639 2618 1698 aestimabunt,

637 1718 692 1757 et
715 1723 847 1756 auro
875 1721 985 1756 non
1011 1705 1433 1766 delectabuntur,
1460 1721 1686 1771 quorum
1716 1720 1871 1755 arcus
1895 1705 2121 1768 juvenes
2140 1705 2375 1763 allident,
2400 1713 2456 1753 et
2483 1703 2619 1752 fruc·

635 1773 1094 1900 {us-'ventrigfon
1123 1772 1534 1830 miserabuntur,
1559 1771 1791 1821 filiorum
1820 1785 1931 1821 non
1960 1781 2147 1836 parcet
2172 1770 2363 1820 oculus
2386 1783 2573 1819 eorum
2590 1767 2619 1790 '⁹

658 1853 765 1888 xm.
794 1849 870 1898 17,
899 1850 922 1885 1
995 1854 1007 1887 ι

363 2001 486 2065 per
529 1979 918 2044 “Medum”
954 1979 1428 2061 intelliguntur
1462 1979 1556 2042 illi
1602 1980 1715 2064 qui
1752 1978 1941 2042 nihili
1976 1978 2230 2043 faciunt
2266 1996 2501 2042 verum
2538 1986 2611 2041 et

362 2076 630 2140 bonum
667 2074 1017 2148 ecclesiae,
1067 2085 1138 2137 et
1185 2070 1354 2136 mina
1397 2093 1572 2156 quae
1618 2073 1775 2137 inde
1819 2070 2209 2137 intellectus
2252 2082 2323 2136 et
2369 2073 2618 2136 amoris

362 2180 552 2246 sunt,
595 2169 996 2246 destruunt;
1055 2188 1174 2250 per
1214 2172 1635 2249 “argentum
1654 2166 1684 2192 '’
1719 2167 1901 2250 quod
1947 2185 2083 2230 non
2128 2166 2614 2242 aestimabunt,

362 2276 435 2329 et
477 2285 604 2348 per
637 2270 677 2296 ‘⁶
699 2283 934 2327 aurum
951 2261 980 2288 ’³
1011 2283 1147 2346 quo
1185 2281 1321 2326 non
1353 2258 1899 2338 delectabuntur,
1934 2259 2351 2343 significatur
2379 2281 2614 2325 verum

360 2370 436 2424 et
469 2359 731 2422 bonum
764 2357 933 2422 caeli
965 2367 1034 2420 et
1067 2357 1419 2431 ecclesiae,
1453 2375 1572 2438 per
1608 2360 1647 2388 ‘⁴
1672 2363 2038 2437 argentum
2056 2353 2085 2380 ”
2114 2374 2349 2417 verum
2387 2364 2458 2419 et
2496 2376 2617 2437 per

365 2451 714 2516 “aurum'’
773 2452 1028 2515 bonum
1092 2469 1364 2514 eorum:
1443 2449 1624 2532 quod
1686 2454 1972 2512 “arcus
2013 2448 2285 2513 illorum
2335 2449 2617 2531 juvenes

361 2547 683 2621 allident,
739 2557 810 2610 et
861 2543 1112 2609 fructus
1163 2546 1421 2609 ventris
1475 2564 1611 2609 non
1666 2542 2219 2618 miserabuntur,”
2279 2543 2617 2626 significat

361 2641 554 2725 quod
592 2641 760 2704 falsa
797 2637 1144 2703 doctrinae
1182 2640 1536 2703 destruent
1578 2656 1853 2701 omnem
1890 2635 2317 2701 intellectum
2348 2639 2509 2714 veri,
2546 2649 2617 2703 et

361 2754 577 2798 omne
644 2733 902 2798 bonum
968 2734 1254 2811 amoris;
1325 2752 1443 2814 per
1475 2731 1837 2794 ’“arcum”
1895 2730 2312 2812 significatur
2374 2732 2617 2797 salsum

360 2827 746 2903 doc'trinae,
801 2847 921 2909 per
961 2826 1340 2909 “juvenes”
1387 2825 1843 2907 intelligentia
1886 2827 2047 2901 veri,
2095 2834 2167 2889 et
2212 2846 2332 2909 per
2380 2827 2613 2892 “sruc-

361 2933 520 2988 tum
565 2921 870 2985 ventris”
917 2921 1172 2984 bonum
1222 2923 1509 2985 amoris:
1573 2921 1754 3003 quod
1806 2919 2146 2984 “filiorum
2199 2940 2335 2985 non
2382 2933 2616 3004 parcet

361 3015 610 3081 oculus
647 3015 927 3080 eorum”
974 3014 1311 3098 significat
1351 3015 1531 3098 quod
1570 3033 1925 3096 perversus
1961 3034 2193 3078 eorum
2230 3015 2617 3081 intellectus

362 3131 444 3175 ac
495 3111 759 3174 insania
805 3127 1007 3172 omne
1052 3129 1286 3172 verum
1331 3109 1661 3172 ecclesiae
1714 3108 2102 3172 devastabit
2128 3131 2143 3188 ς
2202 3109 2421 3172 “filii'’
2457 3121 2616 3175 sunt

365 3223 556 3280 vera,
612 3214 686 3268 et
744 3202 1085 3267 “oculus”
1137 3213 1243 3267 est
1307 3223 1660 3284 perversus
1721 3200 2109 3266 intellectus
2167 3203 2279 3286 qui
2336 3205 2615 3271 insania.

364 3298 742 3365 Sciendum
775 3308 881 3362 est
918 3298 1100 3380 quod
1141 3318 1260 3381 per
1295 3296 1636 3360 “Medum
1652 3296 1683 3322 ”
1714 3315 1850 3360 non
1887 3297 2309 3380 intelligatur
2348 3299 2612 3377 MeduS,

363 3395 491 3458 sed
533 3393 709 3456 tales
740 3405 812 3456 et
851 3391 1017 3456 talia
1059 3393 1124 3455 in
1167 3390 1453 3455 ecclesia
1489 3411 1663 3474 quae
1706 3390 2072 3455 devastant
2109 3392 2318 3456 illam.
2405 3394 2615 3476 Apud

361 3487 821 3562 Matthaeum,

483 3631 766 3682 Pharisaei
789 3631 1053 3691 dicebant,
1078 3631 1108 3653 ⁸⁸
1124 3629 1344 3680 Licetne
1367 3629 1574 3679 homini
1597 3629 1868 3680 dimittere
1895 3643 2119 3680 uxorem
2150 3645 2304 3680 suam
2334 3632 2522 3695 quavis
2550 3647 2619 3684 ex
2696 3623 2709 3634 ’

639 3697 834 3746 causa?
923 3693 1322 3757 Respondens”
1363 3695 1536 3759 JesuS,
1575 3695 1771 3745 “dixit.
1792 3733 1828 3756 .,
1865 3695 2069 3744 Annon
2111 3694 2331 3758 legistis,
2375 3699 2517 3760 quod
2562 3697 2617 3748 Is

641 3761 729 3824 qui
757 3761 885 3810 fecit
911 3761 981 3808 ab
1007 3761 1178 3817 initio,
1209 3761 1504 3810 masculum
1527 3771 1581 3809 et
1609 3759 1869 3810 feminam
1897 3761 2025 3810 fecit
2050 3775 2162 3818 eos,
2187 3771 2242 3810 et
2269 3763 2418 3822 dixit,
2448 3763 2617 3826 Prop-

641 3836 790 3876 terea
810 3827 1020 3875 deseret
1043 3827 1209 3875 homo
1233 3836 1439 3888 patrem
1463 3836 1520 3876 et
1543 3837 1785 3886 matrem,
1804 3837 1860 3876 et
1880 3827 2193 3876 adhaerebit
2216 3829 2371 3876 uxori
2394 3843 2541 3888 suae,
2561 3839 2618 3879 et

640 3901 796 3941 erunt
819 3892 926 3940 duo
949 3891 1004 3939 in
1031 3905 1246 3939 carnem
1273 3893 1473 3942 unam?
1504 3905 1669 3954 quare
1694 3906 1804 3940 non
1830 3893 2061 3956 amplius
2085 3903 2211 3941 sunt
2236 3893 2359 3952 duc,
2384 3894 2481 3943 sed
2506 3909 2617 3943 una

639 3969 792 4006 caro:
830 3957 974 4019 quod
1002 3970 1132 4017 ergo
1164 3955 1310 4005 Deus
1333 3957 1619 4018 copulavit,
1645 3957 1811 4005 homo
1836 3971 1945 4006 non
1970 3959 2256 4019 separabit.
2300 3995 2313 4008 .
2334 3995 2347 4008 .
2366 3995 2378 4008 .
2400 3958 2617 4010 ‚Moses

639 4023 712 4070 ob
743 4021 994 4071 duritiem
1027 4021 1206 4071 cordis
1241 4022 1408 4070 vestri
1443 4021 1684 4084 permisit
1719 4022 1989 4072 dimittere
2022 4037 2220 4072 uxores
2254 4033 2498 4084 vestras:
2545 4028 2615 4074 ab

641 4086 792 4137 initio
821 4100 931 4135 non
968 4086 1069 4135 fuit
1103 4087 1208 4136 sic:
1251 4087 1373 4136 dico
1401 4088 1573 4146 vobis,
1603 4087 1746 4150 quod
1775 4088 2076 4151 quicunque
2104 4088 2366 4138 dimiserit
2392 4105 2614 4140 uxorem

639 4165 792 4201 auam
823 4152 926 4201 nisi
953 4153 1024 4200 ob
1047 4151 1476 4210 fornicationem,
1502 4161 1558 4201 et
1585 4152 1747 4200 aliam
1778 4153 2003 4213 duxerit,
2028 4154 2347 4204 adulterium
2373 4157 2617 4205 commit·

639 4225 748 4276 tat:
789 4226 844 4266 et
878 4217 1177 4280 quicunque
1205 4216 1485 4266 dimissam
1513 4216 1687 4274 ducat,
1716 4218 2035 4268 adulterium
2064 4219 2383 4270 committat.
2454 4221 2617 4271 Dixe-

641 4291 788 4332 runt.
807 4282 1100 4346 .discipuli.
1121 4319 1158 4342 .,
1188 4281 1244 4332 si
1271 4283 1350 4331 sic
1377 4295 1542 4331 causa
1567 4296 1689 4330 cum
1717 4297 1885 4334 uxore
1911 4298 2024 4344 sua,
2054 4299 2164 4334 non
2194 4287 2407 4349 expedit
2436 4289 2617 4336 matri-

642 4347 882 4397 monium
901 4348 1238 4404 contrahere:
1262 4347 1359 4397 sed
1378 4346 1703 4412 dixitJesus.
1725 4383 1737 4396 .
1757 4384 1794 4406 .‚
1811 4347 1933 4397 Non
1954 4364 2143 4399 omnes
2160 4351 2376 4413 capiunt
2388 4353 2612 4401 verbum

641 4411 758 4473 hoc,
782 4414 877 4462 aed
901 4412 938 4462 li
965 4414 1156 4476 quibus
1178 4412 1361 4467 datum
1387 4421 1470 4462 eat
1491 4427 1504 4471 ;
1539 4421 1667 4462 aunt
1692 4413 1838 4462 enim
1862 4415 2088 4464 eunuchi
2118 4416 2206 4479 qui
2234 4430 2302 4466 ex
2325 4425 2478 4466 utero
2502 4431 2615 4466 ma-

643 4477 740 4528 tris
763 4479 878 4528 nati
900 4487 1026 4528 sunt
1050 4479 1158 4536 sic:
1193 4488 1248 4527 et
1274 4489 1400 4528 aunt
1422 4479 1653 4528 eunuchi
1676 4479 1765 4543 qui
1789 4480 2017 4530 eunuchi
2041 4477 2169 4530 faeti
2196 4489 2325 4530 sunt
2350 4483 2419 4530 ab
2442 4483 2615 4532 homi·

643 4544 831 4600 uibus:
877 4552 932 4593 et
971 4553 1097 4594 sunt
1130 4545 1359 4593 eunuchi
1395 4545 1484 4608 qui
1525 4545 1799 4593 eunuchos
1834 4543 2076 4594 iecerunt
2108 4560 2168 4594 se
2209 4545 2355 4608 ipsos
2396 4558 2614 4610 propter

644 4621 865 4672 regnum
891 4607 1023 4660 Dei:
1061 4609 1149 4672 qui
1173 4618 1352 4672 potest
1374 4623 1578 4672 capere,
1603 4609 1693 4660 ille
1716 4609 1890 4672 capiat
1903 4608 1933 4631 '⁹
1957 4608 2083 4674 (xix.
2110 4613 2289 4673 3-12):
