<?xml version="1.0" encoding="UTF-8"?>
<!DOCTYPE html PUBLIC "-//W3C//DTD XHTML 1.0 Transitional//EN"
    "http://www.w3.org/TR/xhtml1/DTD/xhtml1-transitional.dtd">
<html xmlns="http://www.w3.org/1999/xhtml" xml:lang="en" lang="en">
 <head>
  <title>
</title>
<meta http-equiv="Content-Type" content="text/html;charset=utf-8" />
  <meta name='ocr-system' content='tesseract 3.04.00' />
  <meta name='ocr-capabilities' content='ocr_page ocr_carea ocr_par ocr_line ocrx_word'/>
</head>
<body>
  <div class='ocr_page' id='page_1' title='image "./apocalypsisexpl00unkngoog_0514.png"; bbox 0 0 3259 5384; ppageno 0'>
   <div class='ocr_carea' id='block_1_1' title="bbox 587 633 2213 715">
    <p class='ocr_par' dir='ltr' id='par_1_1' title="bbox 587 633 2213 715">
     <span class='ocr_line' id='line_1_1' title="bbox 587 633 2213 715; baseline 0.002 -17"><span class='ocrx_word' id='word_1_1' title='bbox 587 633 761 715; x_wconf 81' lang='lat'>2416</span> <span class='ocrx_word' id='word_1_2' title='bbox 1211 648 1715 702; x_wconf 82' lang='lat' dir='ltr'>APOCALYPSIS</span> <span class='ocrx_word' id='word_1_3' title='bbox 1759 648 2213 703; x_wconf 74' lang='lat' dir='ltr'>EXPLICATA.</span> 
     </span>
    </p>
   </div>
   <div class='ocr_carea' id='block_1_2' title="bbox 587 816 2832 1937">
    <p class='ocr_par' dir='ltr' id='par_1_2' title="bbox 587 816 2832 1937">
     <span class='ocr_line' id='line_1_2' title="bbox 589 816 2832 901; baseline 0.001 -22"><span class='ocrx_word' id='word_1_4' title='bbox 589 816 770 879; x_wconf 89' lang='lat' dir='ltr'>trina</span> <span class='ocrx_word' id='word_1_5' title='bbox 816 818 1126 893; x_wconf 89' lang='lat' dir='ltr'>credunt,</span> <span class='ocrx_word' id='word_1_6' title='bbox 1176 819 1296 881; x_wconf 91' lang='lat' dir='ltr'>sed</span> <span class='ocrx_word' id='word_1_7' title='bbox 1344 839 1554 901; x_wconf 88' lang='lat' dir='ltr'>usque</span> <span class='ocrx_word' id='word_1_8' title='bbox 1600 838 1736 881; x_wconf 90' lang='lat' dir='ltr'>non</span> <span class='ocrx_word' id='word_1_9' title='bbox 1785 817 1983 881; x_wconf 90' lang='lat' dir='ltr'>simul</span> <span class='ocrx_word' id='word_1_10' title='bbox 2029 819 2126 882; x_wconf 91' lang='lat' dir='ltr'>ita</span> <span class='ocrx_word' id='word_1_11' title='bbox 2162 818 2422 893; x_wconf 81' lang='lat' dir='ltr'>vivunt,</span> <span class='ocrx_word' id='word_1_12' title='bbox 2461 826 2533 881; x_wconf 88' lang='lat' dir='ltr'>et</span> <span class='ocrx_word' id='word_1_13' title='bbox 2577 816 2647 881; x_wconf 86' lang='lat' dir='ltr'>hi</span> <span class='ocrx_word' id='word_1_14' title='bbox 2695 816 2832 881; x_wconf 88' lang='lat' dir='ltr'>sal-</span> 
     </span>
     <span class='ocr_line' id='line_1_3' title="bbox 589 910 2832 990; baseline 0 -16"><span class='ocrx_word' id='word_1_15' title='bbox 589 922 856 975; x_wconf 85' lang='lat' dir='ltr'><strong>vantur.</strong></span> <span class='ocrx_word' id='word_1_16' title='bbox 964 910 1197 977; x_wconf 84' lang='lat' dir='ltr'>Simile</span> <span class='ocrx_word' id='word_1_17' title='bbox 1244 922 1351 976; x_wconf 89' lang='lat' dir='ltr'>est</span> <span class='ocrx_word' id='word_1_18' title='bbox 1398 915 1465 975; x_wconf 89' lang='lat' dir='ltr'>in</span> <span class='ocrx_word' id='word_1_19' title='bbox 1514 912 1828 977; x_wconf 86' lang='lat' dir='ltr'>Ecclesia</span> <span class='ocrx_word' id='word_1_20' title='bbox 1873 912 2315 990; x_wconf 89' lang='lat' dir='ltr'>Lutherana;</span> <span class='ocrx_word' id='word_1_21' title='bbox 2371 913 2459 975; x_wconf 88' lang='lat' dir='ltr'>ibi</span> <span class='ocrx_word' id='word_1_22' title='bbox 2507 914 2716 975; x_wconf 88' lang='lat' dir='ltr'>etiam</span> <span class='ocrx_word' id='word_1_23' title='bbox 2763 913 2832 975; x_wconf 89' lang='lat' dir='ltr'>in</span> 
     </span>
     <span class='ocr_line' id='line_1_4' title="bbox 590 1004 2830 1090; baseline 0 -22"><span class='ocrx_word' id='word_1_24' title='bbox 590 1006 1004 1069; x_wconf 89' lang='lat' dir='ltr'>contrarium</span> <span class='ocrx_word' id='word_1_25' title='bbox 1030 1016 1193 1069; x_wconf 87' lang='lat' dir='ltr'>eunt</span> <span class='ocrx_word' id='word_1_26' title='bbox 1220 1006 1316 1069; x_wconf 90' lang='lat' dir='ltr'>illi</span> <span class='ocrx_word' id='word_1_27' title='bbox 1336 1009 1447 1089; x_wconf 90' lang='lat' dir='ltr'>qui</span> <span class='ocrx_word' id='word_1_28' title='bbox 1472 1027 1561 1070; x_wconf 84' lang='lat' dir='ltr'>ex</span> <span class='ocrx_word' id='word_1_29' title='bbox 1588 1004 1897 1071; x_wconf 58' lang='lat' dir='ltr'>doctrina</span> <span class='ocrx_word' id='word_1_30' title='bbox 1921 1017 1993 1071; x_wconf 89' lang='lat' dir='ltr'>et</span> <span class='ocrx_word' id='word_1_31' title='bbox 2018 1008 2128 1090; x_wconf 92' lang='lat' dir='ltr'>qui</span> <span class='ocrx_word' id='word_1_32' title='bbox 2153 1028 2244 1071; x_wconf 90' lang='lat' dir='ltr'>ex</span> <span class='ocrx_word' id='word_1_33' title='bbox 2271 1006 2507 1071; x_wconf 87' lang='lat' dir='ltr'>Verbo</span> <span class='ocrx_word' id='word_1_34' title='bbox 2531 1007 2788 1069; x_wconf 91' lang='lat' dir='ltr'>docent</span> <span class='ocrx_word' id='word_1_35' title='bbox 2813 1028 2830 1083; x_wconf 86' lang='lat'><strong>;</strong></span> 
     </span>
     <span class='ocr_line' id='line_1_5' title="bbox 588 1097 2831 1183; baseline -0.001 -20"><span class='ocrx_word' id='word_1_36' title='bbox 588 1101 699 1182; x_wconf 90' lang='lat' dir='ltr'>qui</span> <span class='ocrx_word' id='word_1_37' title='bbox 733 1120 823 1163; x_wconf 85' lang='lat' dir='ltr'>ex</span> <span class='ocrx_word' id='word_1_38' title='bbox 860 1097 1189 1175; x_wconf 72' lang='lat' dir='ltr'>doctrina,</span> <span class='ocrx_word' id='word_1_39' title='bbox 1224 1121 1497 1183; x_wconf 89' lang='lat' dir='ltr'>prorsus</span> <span class='ocrx_word' id='word_1_40' title='bbox 1528 1102 1839 1165; x_wconf 88' lang='lat' dir='ltr'>similiter</span> <span class='ocrx_word' id='word_1_41' title='bbox 1869 1112 1942 1164; x_wconf 90' lang='lat' dir='ltr'>ut</span> <span class='ocrx_word' id='word_1_42' title='bbox 1983 1103 2049 1163; x_wconf 89' lang='lat' dir='ltr'>in</span> <span class='ocrx_word' id='word_1_43' title='bbox 2089 1100 2406 1164; x_wconf 85' lang='lat' dir='ltr'>Ecclesia</span> <span class='ocrx_word' id='word_1_44' title='bbox 2439 1100 2831 1182; x_wconf 87' lang='lat' dir='ltr'>Anglicana</span> 
     </span>
     <span class='ocr_line' id='line_1_6' title="bbox 590 1193 2827 1277; baseline 0 -21"><span class='ocrx_word' id='word_1_45' title='bbox 590 1195 676 1259; x_wconf 91' lang='lat' dir='ltr'>de</span> <span class='ocrx_word' id='word_1_46' title='bbox 714 1194 863 1257; x_wconf 90' lang='lat' dir='ltr'>sola</span> <span class='ocrx_word' id='word_1_47' title='bbox 900 1194 1031 1258; x_wconf 86' lang='lat' dir='ltr'>fide</span> <span class='ocrx_word' id='word_1_48' title='bbox 1076 1201 1148 1258; x_wconf 89' lang='lat' dir='ltr'>et</span> <span class='ocrx_word' id='word_1_49' title='bbox 1197 1195 1281 1257; x_wconf 93' lang='lat' dir='ltr'>de</span> <span class='ocrx_word' id='word_1_50' title='bbox 1320 1193 1807 1276; x_wconf 87' lang='lat' dir='ltr'>justificatione</span> <span class='ocrx_word' id='word_1_51' title='bbox 1849 1216 1968 1277; x_wconf 90' lang='lat' dir='ltr'>per</span> <span class='ocrx_word' id='word_1_52' title='bbox 2003 1194 2192 1258; x_wconf 89' lang='lat' dir='ltr'>illam</span> <span class='ocrx_word' id='word_1_53' title='bbox 2238 1193 2516 1269; x_wconf 85' lang='lat' dir='ltr'>docent,</span> <span class='ocrx_word' id='word_1_54' title='bbox 2556 1205 2627 1257; x_wconf 92' lang='lat' dir='ltr'>et</span> <span class='ocrx_word' id='word_1_55' title='bbox 2667 1204 2827 1257; x_wconf 91' lang='lat' dir='ltr'>tunc</span> 
     </span>
     <span class='ocr_line' id='line_1_7' title="bbox 588 1288 2830 1371; baseline -0 -21"><span class='ocrx_word' id='word_1_56' title='bbox 588 1308 629 1350; x_wconf 92' lang='lat' dir='ltr'>a</span> <span class='ocrx_word' id='word_1_57' title='bbox 665 1288 1067 1351; x_wconf 82' lang='lat' dir='ltr'>salvationis</span> <span class='ocrx_word' id='word_1_58' title='bbox 1104 1288 1330 1351; x_wconf 89' lang='lat' dir='ltr'>medio</span> <span class='ocrx_word' id='word_1_59' title='bbox 1368 1300 1691 1370; x_wconf 87' lang='lat' dir='ltr'>separant</span> <span class='ocrx_word' id='word_1_60' title='bbox 1729 1299 1800 1352; x_wconf 89' lang='lat' dir='ltr'>et</span> <span class='ocrx_word' id='word_1_61' title='bbox 1838 1299 2198 1353; x_wconf 89' lang='lat' dir='ltr'>removent</span> <span class='ocrx_word' id='word_1_62' title='bbox 2235 1308 2442 1371; x_wconf 89' lang='lat' dir='ltr'>opera</span> <span class='ocrx_word' id='word_1_63' title='bbox 2480 1290 2653 1351; x_wconf 91' lang='lat' dir='ltr'>sicut</span> <span class='ocrx_word' id='word_1_64' title='bbox 2693 1307 2830 1350; x_wconf 90' lang='lat' dir='ltr'>non</span> 
     </span>
     <span class='ocr_line' id='line_1_8' title="bbox 588 1382 2832 1465; baseline -0.001 -20"><span class='ocrx_word' id='word_1_65' title='bbox 588 1382 791 1456; x_wconf 89' lang='lat' dir='ltr'>bona,</span> <span class='ocrx_word' id='word_1_66' title='bbox 828 1392 899 1445; x_wconf 91' lang='lat' dir='ltr'>et</span> <span class='ocrx_word' id='word_1_67' title='bbox 939 1384 1113 1445; x_wconf 91' lang='lat' dir='ltr'>sicut</span> <span class='ocrx_word' id='word_1_68' title='bbox 1155 1384 1523 1457; x_wconf 88' lang='lat' dir='ltr'>meritoria,</span> <span class='ocrx_word' id='word_1_69' title='bbox 1564 1392 1638 1446; x_wconf 87' lang='lat' dir='ltr'>et</span> <span class='ocrx_word' id='word_1_70' title='bbox 1674 1383 1832 1446; x_wconf 91' lang='lat' dir='ltr'>inde</span> <span class='ocrx_word' id='word_1_71' title='bbox 1879 1402 2016 1446; x_wconf 87' lang='lat' dir='ltr'>non</span> <span class='ocrx_word' id='word_1_72' title='bbox 2049 1382 2513 1464; x_wconf 84' lang='lat' dir='ltr'>justificantia,</span> <span class='ocrx_word' id='word_1_73' title='bbox 2553 1382 2708 1465; x_wconf 90' lang='lat' dir='ltr'>quia</span> <span class='ocrx_word' id='word_1_74' title='bbox 2745 1382 2832 1445; x_wconf 88' lang='lat' dir='ltr'>ab</span> 
     </span>
     <span class='ocr_line' id='line_1_9' title="bbox 587 1475 2828 1557; baseline 0 -18"><span class='ocrx_word' id='word_1_75' title='bbox 587 1475 904 1555; x_wconf 87' lang='lat' dir='ltr'>homine;</span> <span class='ocrx_word' id='word_1_76' title='bbox 969 1488 1044 1540; x_wconf 89' lang='lat' dir='ltr'>at</span> <span class='ocrx_word' id='word_1_77' title='bbox 1090 1497 1243 1539; x_wconf 90' lang='lat' dir='ltr'>cum</span> <span class='ocrx_word' id='word_1_78' title='bbox 1290 1498 1381 1541; x_wconf 87' lang='lat' dir='ltr'>ex</span> <span class='ocrx_word' id='word_1_79' title='bbox 1422 1476 1678 1551; x_wconf 88' lang='lat' dir='ltr'>Verb0,</span> <span class='ocrx_word' id='word_1_80' title='bbox 1721 1488 1882 1540; x_wconf 91' lang='lat' dir='ltr'>tunc</span> <span class='ocrx_word' id='word_1_81' title='bbox 1931 1477 2241 1541; x_wconf 88' lang='lat' dir='ltr'>similiter</span> <span class='ocrx_word' id='word_1_82' title='bbox 2278 1477 2532 1541; x_wconf 83' lang='lat' dir='ltr'>docent</span> <span class='ocrx_word' id='word_1_83' title='bbox 2579 1496 2828 1557; x_wconf 87' lang='lat' dir='ltr'>opera;</span> 
     </span>
     <span class='ocr_line' id='line_1_10' title="bbox 590 1571 2828 1655; baseline -0.001 -20"><span class='ocrx_word' id='word_1_84' title='bbox 590 1582 663 1635; x_wconf 95' lang='lat' dir='ltr'>ut</span> <span class='ocrx_word' id='word_1_85' title='bbox 708 1582 1028 1635; x_wconf 86' lang='lat' dir='ltr'>constare</span> <span class='ocrx_word' id='word_1_86' title='bbox 1074 1582 1309 1653; x_wconf 90' lang='lat' dir='ltr'>potest</span> <span class='ocrx_word' id='word_1_87' title='bbox 1356 1592 1447 1635; x_wconf 85' lang='lat' dir='ltr'>ex</span> <span class='ocrx_word' id='word_1_88' title='bbox 1495 1571 1628 1639; x_wconf 86' lang='lat' dir='ltr'>illis</span> <span class='ocrx_word' id='word_1_89' title='bbox 1675 1592 1848 1655; x_wconf 87' lang='lat' dir='ltr'>quae</span> <span class='ocrx_word' id='word_1_90' title='bbox 1895 1592 2018 1653; x_wconf 87' lang='lat' dir='ltr'>pro</span> <span class='ocrx_word' id='word_1_91' title='bbox 2063 1573 2406 1635; x_wconf 89' lang='lat' dir='ltr'>communi</span> <span class='ocrx_word' id='word_1_92' title='bbox 2453 1581 2658 1634; x_wconf 91' lang='lat' dir='ltr'>coetu</span> <span class='ocrx_word' id='word_1_93' title='bbox 2703 1590 2828 1633; x_wconf 83' lang='lat' dir='ltr'>ex·</span> 
     </span>
     <span class='ocr_line' id='line_1_11' title="bbox 588 1664 2828 1748; baseline 0 -20"><span class='ocrx_word' id='word_1_94' title='bbox 588 1675 781 1729; x_wconf 88' lang='lat' dir='ltr'>stant</span> <span class='ocrx_word' id='word_1_95' title='bbox 828 1667 1101 1748; x_wconf 89' lang='lat' dir='ltr'>scripta,</span> <span class='ocrx_word' id='word_1_96' title='bbox 1149 1674 1219 1729; x_wconf 92' lang='lat' dir='ltr'>et</span> <span class='ocrx_word' id='word_1_97' title='bbox 1267 1666 1422 1728; x_wconf 88' lang='lat' dir='ltr'>ideo</span> <span class='ocrx_word' id='word_1_98' title='bbox 1468 1665 1535 1727; x_wconf 91' lang='lat' dir='ltr'>in</span> <span class='ocrx_word' id='word_1_99' title='bbox 1582 1665 1896 1729; x_wconf 90' lang='lat' dir='ltr'>omnibus</span> <span class='ocrx_word' id='word_1_100' title='bbox 1957 1666 2142 1728; x_wconf 90' lang='lat' dir='ltr'>libris</span> <span class='ocrx_word' id='word_1_101' title='bbox 2188 1664 2604 1747; x_wconf 89' lang='lat' dir='ltr'>psalmorum</span> <span class='ocrx_word' id='word_1_102' title='bbox 2667 1674 2828 1728; x_wconf 91' lang='lat' dir='ltr'>sunt</span> 
     </span>
     <span class='ocr_line' id='line_1_12' title="bbox 588 1758 2830 1844; baseline 0.001 -21"><span class='ocrx_word' id='word_1_103' title='bbox 588 1762 864 1836; x_wconf 88' lang='lat' dir='ltr'>inserta,</span> <span class='ocrx_word' id='word_1_104' title='bbox 893 1770 965 1825; x_wconf 93' lang='lat' dir='ltr'>et</span> <span class='ocrx_word' id='word_1_105' title='bbox 990 1770 1323 1825; x_wconf 86' lang='lat' dir='ltr'>vocantur</span> <span class='ocrx_word' id='word_1_106' title='bbox 1347 1766 1387 1793; x_wconf 89' lang='lat'><strong>“</strong></span> <span class='ocrx_word' id='word_1_107' title='bbox 1405 1758 1786 1825; x_wconf 88' lang='lat' dir='ltr'>Obstacula</span> <span class='ocrx_word' id='word_1_108' title='bbox 1812 1759 2417 1844; x_wconf 88' lang='lat' dir='ltr'>Impaenitentium</span> <span class='ocrx_word' id='word_1_109' title='bbox 2441 1760 2494 1839; x_wconf 88' lang='lat'>;”</span> <span class='ocrx_word' id='word_1_110' title='bbox 2532 1760 2644 1823; x_wconf 90' lang='lat' dir='ltr'>ubi</span> <span class='ocrx_word' id='word_1_111' title='bbox 2667 1770 2830 1825; x_wconf 88' lang='lat' dir='ltr'>sunt</span> 
     </span>
     <span class='ocr_line' id='line_1_13' title="bbox 592 1856 988 1937; baseline 0 -20"><span class='ocrx_word' id='word_1_112' title='bbox 592 1856 988 1937; x_wconf 88' lang='lat' dir='ltr'>sequentia:</span> 
     </span>
    </p>
   </div>
   <div class='ocr_carea' id='block_1_3' title="bbox 586 2010 2836 3362">
    <p class='ocr_par' dir='ltr' id='par_1_3' title="bbox 586 2010 2836 3362">
     <span class='ocr_line' id='line_1_14' title="bbox 694 2010 2833 2083; baseline -0.001 -16"><span class='ocrx_word' id='word_1_113' title='bbox 694 2020 727 2042; x_wconf 76' lang='lat'>‘¹</span> <span class='ocrx_word' id='word_1_114' title='bbox 746 2010 964 2067; x_wconf 65' lang='lat' dir='ltr'>Sancta</span> <span class='ocrx_word' id='word_1_115' title='bbox 990 2012 1103 2067; x_wconf 91' lang='lat' dir='ltr'>Dei</span> <span class='ocrx_word' id='word_1_116' title='bbox 1120 2014 1401 2068; x_wconf 86' lang='lat' dir='ltr'>voluntas</span> <span class='ocrx_word' id='word_1_117' title='bbox 1426 2022 1489 2067; x_wconf 87' lang='lat' dir='ltr'>et</span> <span class='ocrx_word' id='word_1_118' title='bbox 1513 2012 1898 2068; x_wconf 77' lang='lat' dir='ltr'>manifestum</span> <span class='ocrx_word' id='word_1_119' title='bbox 1929 2012 2122 2083; x_wconf 84' lang='lat' dir='ltr'>Ipsius</span> <span class='ocrx_word' id='word_1_120' title='bbox 2149 2014 2495 2067; x_wconf 89' lang='lat' dir='ltr'>mandatum</span> <span class='ocrx_word' id='word_1_121' title='bbox 2523 2022 2632 2074; x_wconf 88' lang='lat' dir='ltr'>est,</span> <span class='ocrx_word' id='word_1_122' title='bbox 2653 2022 2722 2065; x_wconf 93' lang='lat' dir='ltr'>ut</span> <span class='ocrx_word' id='word_1_123' title='bbox 2748 2011 2833 2065; x_wconf 90' lang='lat' dir='ltr'>illi</span> 
     </span>
     <span class='ocr_line' id='line_1_15' title="bbox 629 2083 2834 2154; baseline 0 -17"><span class='ocrx_word' id='word_1_124' title='bbox 629 2084 689 2137; x_wconf 89' lang='lat' dir='ltr'>ui</span> <span class='ocrx_word' id='word_1_125' title='bbox 717 2084 969 2138; x_wconf 90' lang='lat' dir='ltr'>credunt</span> <span class='ocrx_word' id='word_1_126' title='bbox 996 2094 1299 2153; x_wconf 83' lang='lat' dir='ltr'>praestent</span> <span class='ocrx_word' id='word_1_127' title='bbox 1326 2085 1484 2139; x_wconf 91' lang='lat' dir='ltr'>bona</span> <span class='ocrx_word' id='word_1_128' title='bbox 1518 2099 1730 2153; x_wconf 85' lang='lat' dir='ltr'>opera;</span> <span class='ocrx_word' id='word_1_129' title='bbox 1767 2100 1921 2154; x_wconf 87' lang='lat' dir='ltr'>quae</span> <span class='ocrx_word' id='word_1_130' title='bbox 1959 2100 2096 2137; x_wconf 90' lang='lat' dir='ltr'>cum</span> <span class='ocrx_word' id='word_1_131' title='bbox 2126 2094 2372 2154; x_wconf 90' lang='lat' dir='ltr'>propter</span> <span class='ocrx_word' id='word_1_132' title='bbox 2393 2083 2586 2153; x_wconf 82' lang='lat' dir='ltr'>justas</span> <span class='ocrx_word' id='word_1_133' title='bbox 2624 2098 2834 2137; x_wconf 86' lang='lat' dir='ltr'>causas</span> 
     </span>
     <span class='ocr_line' id='line_1_16' title="bbox 588 2100 2836 2225; baseline -0.001 -16"><span class='ocrx_word' id='word_1_134' title='bbox 588 2100 758 2215; x_wconf 57' lang='lat' dir='ltr'>gunt,</span> <span class='ocrx_word' id='word_1_135' title='bbox 784 2170 855 2209; x_wconf 88' lang='lat' dir='ltr'>ac</span> <span class='ocrx_word' id='word_1_136' title='bbox 877 2170 1087 2209; x_wconf 88' lang='lat' dir='ltr'>verum</span> <span class='ocrx_word' id='word_1_137' title='bbox 1112 2153 1291 2208; x_wconf 86' lang='lat' dir='ltr'>finem</span> <span class='ocrx_word' id='word_1_138' title='bbox 1332 2154 1674 2217; x_wconf 83' lang='lat' dir='ltr'>intendunt,</span> <span class='ocrx_word' id='word_1_139' title='bbox 1718 2170 1872 2225; x_wconf 90' lang='lat' dir='ltr'>quae</span> <span class='ocrx_word' id='word_1_140' title='bbox 1913 2166 2056 2209; x_wconf 90' lang='lat' dir='ltr'>sunt</span> <span class='ocrx_word' id='word_1_141' title='bbox 2095 2154 2410 2225; x_wconf 87' lang='lat' dir='ltr'>praecipue</span> <span class='ocrx_word' id='word_1_142' title='bbox 2437 2170 2546 2219; x_wconf 88' lang='lat' dir='ltr'>pro</span> <span class='ocrx_word' id='word_1_143' title='bbox 2589 2163 2684 2207; x_wconf 88' lang='lat' dir='ltr'>ter</span> <span class='ocrx_word' id='word_1_144' title='bbox 2706 2153 2836 2223; x_wconf 86' lang='lat' dir='ltr'>glo·</span> 
     </span>
     <span class='ocr_line' id='line_1_17' title="bbox 591 2222 2834 2295; baseline -0.001 -18"><span class='ocrx_word' id='word_1_145' title='bbox 591 2225 736 2279; x_wconf 87' lang='lat' dir='ltr'>riam</span> <span class='ocrx_word' id='word_1_146' title='bbox 784 2222 913 2286; x_wconf 88' lang='lat' dir='ltr'>Dei.</span> <span class='ocrx_word' id='word_1_147' title='bbox 958 2234 1019 2279; x_wconf 90' lang='lat' dir='ltr'>et</span> <span class='ocrx_word' id='word_1_148' title='bbox 1070 2234 1315 2293; x_wconf 89' lang='lat' dir='ltr'>propter</span> <span class='ocrx_word' id='word_1_149' title='bbox 1357 2240 1498 2279; x_wconf 88' lang='lat' dir='ltr'>usus</span> <span class='ocrx_word' id='word_1_150' title='bbox 1542 2224 1816 2295; x_wconf 82' lang='lat' dir='ltr'>proximi,</span> <span class='ocrx_word' id='word_1_151' title='bbox 1860 2235 2006 2279; x_wconf 90' lang='lat' dir='ltr'>tunc</span> <span class='ocrx_word' id='word_1_152' title='bbox 2059 2223 2191 2279; x_wconf 92' lang='lat' dir='ltr'>Deo</span> <span class='ocrx_word' id='word_1_153' title='bbox 2233 2234 2480 2295; x_wconf 84' lang='lat' dir='ltr'>propter</span> <span class='ocrx_word' id='word_1_154' title='bbox 2575 2222 2834 2277; x_wconf 88' lang='lat' dir='ltr'>hristum</span> 
     </span>
     <span class='ocr_line' id='line_1_18' title="bbox 588 2294 2836 2365; baseline -0.001 -16"><span class='ocrx_word' id='word_1_155' title='bbox 588 2304 834 2364; x_wconf 89' lang='lat' dir='ltr'>accepta</span> <span class='ocrx_word' id='word_1_156' title='bbox 869 2304 1028 2356; x_wconf 85' lang='lat' dir='ltr'>sunt.</span> <span class='ocrx_word' id='word_1_157' title='bbox 1056 2294 1242 2348; x_wconf 91' lang='lat' dir='ltr'>immo</span> <span class='ocrx_word' id='word_1_158' title='bbox 1279 2310 1353 2349; x_wconf 83' lang='lat' dir='ltr'>ex</span> <span class='ocrx_word' id='word_1_159' title='bbox 1392 2311 1540 2365; x_wconf 89' lang='lat' dir='ltr'>pura</span> <span class='ocrx_word' id='word_1_160' title='bbox 1578 2294 1988 2349; x_wconf 84' lang='lat' dir='ltr'>misericordia</span> <span class='ocrx_word' id='word_1_161' title='bbox 2026 2294 2128 2348; x_wconf 89' lang='lat' dir='ltr'>illa</span> <span class='ocrx_word' id='word_1_162' title='bbox 2167 2303 2538 2357; x_wconf 86' lang='lat' dir='ltr'>remunerat;</span> <span class='ocrx_word' id='word_1_163' title='bbox 2587 2294 2740 2347; x_wconf 87' lang='lat' dir='ltr'>adeo</span> <span class='ocrx_word' id='word_1_164' title='bbox 2767 2304 2836 2347; x_wconf 92' lang='lat' dir='ltr'>ut</span> 
     </span>
     <span class='ocr_line' id='line_1_19' title="bbox 590 2364 2834 2435; baseline -0.001 -16"><span class='ocrx_word' id='word_1_165' title='bbox 590 2365 775 2419; x_wconf 86' lang='lat' dir='ltr'>homo</span> <span class='ocrx_word' id='word_1_166' title='bbox 802 2380 911 2433; x_wconf 92' lang='lat' dir='ltr'>pro</span> <span class='ocrx_word' id='word_1_167' title='bbox 934 2364 1102 2419; x_wconf 90' lang='lat' dir='ltr'>omni</span> <span class='ocrx_word' id='word_1_168' title='bbox 1128 2366 1291 2419; x_wconf 90' lang='lat' dir='ltr'>bono</span> <span class='ocrx_word' id='word_1_169' title='bbox 1314 2365 1479 2435; x_wconf 89' lang='lat' dir='ltr'>quod</span> <span class='ocrx_word' id='word_1_170' title='bbox 1506 2364 1666 2428; x_wconf 79' lang='lat' dir='ltr'>facit,</span> <span class='ocrx_word' id='word_1_171' title='bbox 1689 2366 2228 2420; x_wconf 84' lang='lat' dir='ltr'>remunerationem</span> <span class='ocrx_word' id='word_1_172' title='bbox 2259 2366 2507 2426; x_wconf 82' lang='lat' dir='ltr'>habeat:</span> <span class='ocrx_word' id='word_1_173' title='bbox 2542 2364 2648 2418; x_wconf 89' lang='lat' dir='ltr'>dat</span> <span class='ocrx_word' id='word_1_174' title='bbox 2672 2364 2834 2419; x_wconf 87' lang='lat' dir='ltr'>enim</span> 
     </span>
     <span class='ocr_line' id='line_1_20' title="bbox 590 2434 2832 2505; baseline -0.001 -16"><span class='ocrx_word' id='word_1_175' title='bbox 590 2434 755 2489; x_wconf 88' lang='lat' dir='ltr'>Deus</span> <span class='ocrx_word' id='word_1_176' title='bbox 792 2434 1029 2489; x_wconf 86' lang='lat' dir='ltr'>laudem</span> <span class='ocrx_word' id='word_1_177' title='bbox 1073 2444 1137 2490; x_wconf 87' lang='lat' dir='ltr'>et</span> <span class='ocrx_word' id='word_1_178' title='bbox 1180 2436 1490 2497; x_wconf 83' lang='lat' dir='ltr'>honorem,</span> <span class='ocrx_word' id='word_1_179' title='bbox 1526 2451 1599 2489; x_wconf 85' lang='lat' dir='ltr'>ac</span> <span class='ocrx_word' id='word_1_180' title='bbox 1635 2446 1938 2491; x_wconf 86' lang='lat' dir='ltr'>aeternam</span> <span class='ocrx_word' id='word_1_181' title='bbox 1985 2435 2436 2497; x_wconf 84' lang='lat' dir='ltr'>beatitudinem,</span> <span class='ocrx_word' id='word_1_182' title='bbox 2477 2434 2594 2489; x_wconf 86' lang='lat' dir='ltr'>illis</span> <span class='ocrx_word' id='word_1_183' title='bbox 2629 2435 2732 2505; x_wconf 89' lang='lat' dir='ltr'>qui</span> <span class='ocrx_word' id='word_1_184' title='bbox 2774 2435 2832 2487; x_wconf 86' lang='lat' dir='ltr'>in</span> 
     </span>
     <span class='ocr_line' id='line_1_21' title="bbox 590 2504 2832 2587; baseline -0.001 -28"><span class='ocrx_word' id='word_1_185' title='bbox 590 2505 881 2587; x_wconf 88' lang='lat' dir='ltr'>patientia</span> <span class='ocrx_word' id='word_1_186' title='bbox 906 2521 1011 2575; x_wconf 90' lang='lat' dir='ltr'>per</span> <span class='ocrx_word' id='word_1_187' title='bbox 1034 2521 1217 2575; x_wconf 88' lang='lat' dir='ltr'>opera</span> <span class='ocrx_word' id='word_1_188' title='bbox 1240 2506 1488 2560; x_wconf 87' lang='lat' dir='ltr'>student</span> <span class='ocrx_word' id='word_1_189' title='bbox 1512 2506 1672 2559; x_wconf 88' lang='lat' dir='ltr'>vitae</span> <span class='ocrx_word' id='word_1_190' title='bbox 1709 2516 2018 2561; x_wconf 87' lang='lat' dir='ltr'>aeternae:</span> <span class='ocrx_word' id='word_1_191' title='bbox 2105 2522 2244 2561; x_wconf 87' lang='lat' dir='ltr'>uare</span> <span class='ocrx_word' id='word_1_192' title='bbox 2281 2506 2464 2560; x_wconf 87' lang='lat' dir='ltr'>etiam</span> <span class='ocrx_word' id='word_1_193' title='bbox 2507 2504 2672 2559; x_wconf 90' lang='lat' dir='ltr'>Deus</span> <span class='ocrx_word' id='word_1_194' title='bbox 2709 2515 2832 2558; x_wconf 87' lang='lat' dir='ltr'>tam</span> 
     </span>
     <span class='ocr_line' id='line_1_22' title="bbox 591 2573 2834 2646; baseline 0 -18"><span class='ocrx_word' id='word_1_195' title='bbox 591 2585 823 2629; x_wconf 79' lang='lat' dir='ltr'>intense</span> <span class='ocrx_word' id='word_1_196' title='bbox 844 2573 1075 2644; x_wconf 63' lang='lat' dir='ltr'>spestat</span> <span class='ocrx_word' id='word_1_197' title='bbox 1091 2575 1167 2629; x_wconf 89' lang='lat' dir='ltr'>ad</span> <span class='ocrx_word' id='word_1_198' title='bbox 1190 2576 1500 2629; x_wconf 89' lang='lat' dir='ltr'>hominum</span> <span class='ocrx_word' id='word_1_199' title='bbox 1523 2592 1721 2646; x_wconf 85' lang='lat' dir='ltr'>opera,</span> <span class='ocrx_word' id='word_1_200' title='bbox 1739 2578 1896 2630; x_wconf 89' lang='lat' dir='ltr'>sicut</span> <span class='ocrx_word' id='word_1_201' title='bbox 1917 2577 2076 2631; x_wconf 87' lang='lat' dir='ltr'>mani</span> <span class='ocrx_word' id='word_1_202' title='bbox 2105 2576 2320 2630; x_wconf 86' lang='lat' dir='ltr'>estavit</span> <span class='ocrx_word' id='word_1_203' title='bbox 2344 2576 2402 2628; x_wconf 88' lang='lat' dir='ltr'>in</span> <span class='ocrx_word' id='word_1_204' title='bbox 2425 2591 2537 2629; x_wconf 92' lang='lat' dir='ltr'>suo</span> <span class='ocrx_word' id='word_1_205' title='bbox 2557 2590 2834 2629; x_wconf 88' lang='lat' dir='ltr'>sermone</span> 
     </span>
     <span class='ocr_line' id='line_1_23' title="bbox 587 2646 2836 2715; baseline 0 -16"><span class='ocrx_word' id='word_1_206' title='bbox 587 2646 663 2699; x_wconf 90' lang='lat' dir='ltr'>ad</span> <span class='ocrx_word' id='word_1_207' title='bbox 702 2656 933 2715; x_wconf 88' lang='lat' dir='ltr'>septem</span> <span class='ocrx_word' id='word_1_208' title='bbox 965 2646 1246 2700; x_wconf 85' lang='lat' dir='ltr'>ecclesias</span> <span class='ocrx_word' id='word_1_209' title='bbox 1284 2646 1343 2699; x_wconf 90' lang='lat' dir='ltr'>in</span> <span class='ocrx_word' id='word_1_210' title='bbox 1384 2646 1546 2708; x_wconf 87' lang='lat' dir='ltr'>Asia,</span> <span class='ocrx_word' id='word_1_211' title='bbox 1584 2658 1646 2700; x_wconf 89' lang='lat' dir='ltr'>et</span> <span class='ocrx_word' id='word_1_212' title='bbox 1683 2648 1756 2700; x_wconf 89' lang='lat' dir='ltr'>ad</span> <span class='ocrx_word' id='word_1_213' title='bbox 1797 2662 2008 2701; x_wconf 87' lang='lat' dir='ltr'>omnes</span> <span class='ocrx_word' id='word_1_214' title='bbox 2052 2647 2326 2701; x_wconf 86' lang='lat' dir='ltr'>homines</span> <span class='ocrx_word' id='word_1_215' title='bbox 2366 2646 2466 2699; x_wconf 91' lang='lat' dir='ltr'>ubi</span> <span class='ocrx_word' id='word_1_216' title='bbox 2505 2646 2582 2700; x_wconf 87' lang='lat' dir='ltr'>de</span> <span class='ocrx_word' id='word_1_217' title='bbox 2619 2646 2836 2700; x_wconf 88' lang='lat' dir='ltr'>ultimo</span> 
     </span>
     <span class='ocr_line' id='line_1_24' title="bbox 586 2712 2832 2785; baseline 0 -16"><span class='ocrx_word' id='word_1_218' title='bbox 586 2716 845 2785; x_wconf 86' lang='lat' dir='ltr'>judicio:</span> <span class='ocrx_word' id='word_1_219' title='bbox 888 2726 950 2770; x_wconf 91' lang='lat' dir='ltr'>et</span> <span class='ocrx_word' id='word_1_220' title='bbox 989 2716 1126 2770; x_wconf 91' lang='lat' dir='ltr'>ideo</span> <span class='ocrx_word' id='word_1_221' title='bbox 1154 2716 1486 2785; x_wconf 85' lang='lat' dir='ltr'>Apostolus</span> <span class='ocrx_word' id='word_1_222' title='bbox 1521 2716 1742 2771; x_wconf 89' lang='lat' dir='ltr'>Paulus</span> <span class='ocrx_word' id='word_1_223' title='bbox 1780 2718 1873 2771; x_wconf 89' lang='lat' dir='ltr'>his</span> <span class='ocrx_word' id='word_1_224' title='bbox 1908 2717 2422 2773; x_wconf 88' lang='lat' dir='ltr'>admonitionibus</span> <span class='ocrx_word' id='word_1_225' title='bbox 2447 2732 2605 2771; x_wconf 84' lang='lat' dir='ltr'>usus·</span> <span class='ocrx_word' id='word_1_226' title='bbox 2627 2728 2722 2771; x_wconf 90' lang='lat' dir='ltr'>est</span> <span class='ocrx_word' id='word_1_227' title='bbox 2745 2712 2832 2769; x_wconf 67' lang='lat' dir='ltr'>*ad</span> 
     </span>
     <span class='ocr_line' id='line_1_25' title="bbox 588 2786 2835 2857; baseline -0.001 -16"><span class='ocrx_word' id='word_1_228' title='bbox 588 2787 1027 2841; x_wconf 85' lang='lat' dir='ltr'>exhortandum</span> <span class='ocrx_word' id='word_1_229' title='bbox 1067 2786 1372 2841; x_wconf 87' lang='lat' dir='ltr'>auditores</span> <span class='ocrx_word' id='word_1_230' title='bbox 1415 2802 1557 2841; x_wconf 91' lang='lat' dir='ltr'>suos</span> <span class='ocrx_word' id='word_1_231' title='bbox 1594 2788 1670 2841; x_wconf 89' lang='lat' dir='ltr'>ad</span> <span class='ocrx_word' id='word_1_232' title='bbox 1717 2788 1875 2841; x_wconf 88' lang='lat' dir='ltr'>bona</span> <span class='ocrx_word' id='word_1_233' title='bbox 1910 2803 2108 2857; x_wconf 85' lang='lat' dir='ltr'>opera.</span> <span class='ocrx_word' id='word_1_234' title='bbox 2147 2787 2423 2849; x_wconf 88' lang='lat' dir='ltr'>dicendo,</span> <span class='ocrx_word' id='word_1_235' title='bbox 2463 2786 2584 2841; x_wconf 86' lang='lat' dir='ltr'>‘Ne</span> <span class='ocrx_word' id='word_1_236' title='bbox 2623 2786 2835 2840; x_wconf 75' lang='lat' dir='ltr'>defati-</span> 
     </span>
     <span class='ocr_line' id='line_1_26' title="bbox 587 2856 2834 2928; baseline -0 -17"><span class='ocrx_word' id='word_1_237' title='bbox 587 2872 803 2927; x_wconf 86' lang='lat' dir='ltr'>gemur</span> <span class='ocrx_word' id='word_1_238' title='bbox 824 2857 900 2910; x_wconf 89' lang='lat' dir='ltr'>ad</span> <span class='ocrx_word' id='word_1_239' title='bbox 927 2857 1151 2911; x_wconf 89' lang='lat' dir='ltr'>bonum</span> <span class='ocrx_word' id='word_1_240' title='bbox 1180 2856 1537 2917; x_wconf 76' lang='lat' dir='ltr'>faciendum,</span> <span class='ocrx_word' id='word_1_241' title='bbox 1562 2858 1706 2928; x_wconf 88' lang='lat' dir='ltr'>quia</span> <span class='ocrx_word' id='word_1_242' title='bbox 1731 2858 1792 2911; x_wconf 90' lang='lat' dir='ltr'>in</span> <span class='ocrx_word' id='word_1_243' title='bbox 1823 2873 1935 2912; x_wconf 88' lang='lat' dir='ltr'>suo</span> <span class='ocrx_word' id='word_1_244' title='bbox 1960 2868 2231 2927; x_wconf 89' lang='lat' dir='ltr'>tempore</span> <span class='ocrx_word' id='word_1_245' title='bbox 2259 2857 2318 2911; x_wconf 87' lang='lat' dir='ltr'>id</span> <span class='ocrx_word' id='word_1_246' title='bbox 2347 2857 2600 2912; x_wconf 89' lang='lat' dir='ltr'>messuri</span> <span class='ocrx_word' id='word_1_247' title='bbox 2627 2872 2834 2911; x_wconf 87' lang='lat' dir='ltr'>sumus</span> 
     </span>
     <span class='ocr_line' id='line_1_27' title="bbox 586 2926 2834 3009; baseline 0 -29"><span class='ocrx_word' id='word_1_248' title='bbox 586 2928 813 2996; x_wconf 87' lang='lat' dir='ltr'>absque</span> <span class='ocrx_word' id='word_1_249' title='bbox 852 2926 1319 2982; x_wconf 86' lang='lat' dir='ltr'>intermissione&#39;</span> <span class='ocrx_word' id='word_1_250' title='bbox 1358 2928 1595 3009; x_wconf 75' lang='lat' dir='ltr'>[(Epist.</span> <span class='ocrx_word' id='word_1_251' title='bbox 1631 2929 1720 2982; x_wconf 85' lang='lat' dir='ltr'>ad</span> <span class='ocrx_word' id='word_1_252' title='bbox 1753 2928 2007 2989; x_wconf 85' lang='lat' dir='ltr'>Galatas,</span> <span class='ocrx_word' id='word_1_253' title='bbox 2033 2928 2113 2981; x_wconf 89' lang='lat' dir='ltr'>vi.</span> <span class='ocrx_word' id='word_1_254' title='bbox 2137 2928 2237 2996; x_wconf 86' lang='lat'><strong>9)].</strong></span> <span class='ocrx_word' id='word_1_255' title='bbox 2311 2926 2699 2999; x_wconf 76' lang='lat' dir='ltr'>Quapropter</span> <span class='ocrx_word' id='word_1_256' title='bbox 2731 2926 2834 3009; x_wconf 84' lang='lat' dir='ltr'>qui</span> 
     </span>
     <span class='ocr_line' id='line_1_28' title="bbox 588 2996 2836 3069; baseline 0.001 -20"><span class='ocrx_word' id='word_1_257' title='bbox 588 2996 805 3051; x_wconf 88' lang='lat' dir='ltr'>divites</span> <span class='ocrx_word' id='word_1_258' title='bbox 830 3007 973 3051; x_wconf 87' lang='lat' dir='ltr'>sunt</span> <span class='ocrx_word' id='word_1_259' title='bbox 1010 2998 1069 3051; x_wconf 89' lang='lat' dir='ltr'>in</span> <span class='ocrx_word' id='word_1_260' title='bbox 1108 2998 1281 3051; x_wconf 90' lang='lat' dir='ltr'>bonis</span> <span class='ocrx_word' id='word_1_261' title='bbox 1307 2999 1606 3067; x_wconf 78' lang='lat' dir='ltr'>operibus.</span> <span class='ocrx_word' id='word_1_262' title='bbox 1635 2998 2022 3053; x_wconf 77' lang='lat' dir='ltr'>manifestant</span> <span class='ocrx_word' id='word_1_263' title='bbox 2050 3014 2154 3068; x_wconf 89' lang='lat' dir='ltr'>per</span> <span class='ocrx_word' id='word_1_264' title='bbox 2180 2998 2240 3052; x_wconf 89' lang='lat' dir='ltr'>id</span> <span class='ocrx_word' id='word_1_265' title='bbox 2276 2998 2441 3069; x_wconf 88' lang='lat' dir='ltr'>quod</span> <span class='ocrx_word' id='word_1_266' title='bbox 2469 2998 2690 3053; x_wconf 86' lang='lat' dir='ltr'>divites</span> <span class='ocrx_word' id='word_1_267' title='bbox 2714 3008 2836 3051; x_wconf 78' lang='lat' dir='ltr'>sint</span> 
     </span>
     <span class='ocr_line' id='line_1_29' title="bbox 589 3066 2836 3139; baseline 0 -19"><span class='ocrx_word' id='word_1_268' title='bbox 589 3068 649 3120; x_wconf 92' lang='lat' dir='ltr'>in</span> <span class='ocrx_word' id='word_1_269' title='bbox 689 3066 822 3128; x_wconf 87' lang='lat' dir='ltr'>fide,</span> <span class='ocrx_word' id='word_1_270' title='bbox 850 3068 1133 3137; x_wconf 86' lang='lat' dir='ltr'>quoniam</span> <span class='ocrx_word' id='word_1_271' title='bbox 1180 3067 1323 3120; x_wconf 89' lang='lat' dir='ltr'>dum</span> <span class='ocrx_word' id='word_1_272' title='bbox 1364 3067 1511 3122; x_wconf 88' lang='lat' dir='ltr'>fides</span> <span class='ocrx_word' id='word_1_273' title='bbox 1549 3068 1688 3123; x_wconf 87' lang='lat' dir='ltr'>viva</span> <span class='ocrx_word' id='word_1_274' title='bbox 1725 3080 1833 3129; x_wconf 86' lang='lat' dir='ltr'>est,</span> <span class='ocrx_word' id='word_1_275' title='bbox 1861 3080 2144 3139; x_wconf 85' lang='lat' dir='ltr'>operatur</span> <span class='ocrx_word' id='word_1_276' title='bbox 2179 3068 2282 3123; x_wconf 85' lang='lat' dir='ltr'>ina</span> <span class='ocrx_word' id='word_1_277' title='bbox 2319 3084 2426 3139; x_wconf 85' lang='lat' dir='ltr'>per</span> <span class='ocrx_word' id='word_1_278' title='bbox 2449 3068 2836 3123; x_wconf 85' lang='lat' dir='ltr'>charitatem:</span> 
     </span>
     <span class='ocr_line' id='line_1_30' title="bbox 590 3137 2832 3209; baseline 0 -18"><span class='ocrx_word' id='word_1_279' title='bbox 590 3138 777 3192; x_wconf 88' lang='lat' dir='ltr'>immo</span> <span class='ocrx_word' id='word_1_280' title='bbox 818 3138 983 3200; x_wconf 84' lang='lat' dir='ltr'>fides.</span> <span class='ocrx_word' id='word_1_281' title='bbox 1009 3154 1163 3208; x_wconf 88' lang='lat' dir='ltr'>quae</span> <span class='ocrx_word' id='word_1_282' title='bbox 1200 3138 1329 3193; x_wconf 87' lang='lat' dir='ltr'>sola</span> <span class='ocrx_word' id='word_1_283' title='bbox 1351 3137 1659 3207; x_wconf 86' lang='lat' dir='ltr'>justificat,</span> <span class='ocrx_word' id='word_1_284' title='bbox 1687 3156 1980 3209; x_wconf 86' lang='lat' dir='ltr'>nusquam</span> <span class='ocrx_word' id='word_1_285' title='bbox 2019 3147 2112 3194; x_wconf 89' lang='lat' dir='ltr'>est</span> <span class='ocrx_word' id='word_1_286' title='bbox 2147 3139 2276 3193; x_wconf 85' lang='lat' dir='ltr'>sola</span> <span class='ocrx_word' id='word_1_287' title='bbox 2311 3150 2376 3193; x_wconf 89' lang='lat' dir='ltr'>et</span> <span class='ocrx_word' id='word_1_288' title='bbox 2411 3150 2701 3209; x_wconf 74' lang='lat' dir='ltr'>separata,</span> <span class='ocrx_word' id='word_1_289' title='bbox 2729 3138 2832 3192; x_wconf 90' lang='lat' dir='ltr'>sed</span> 
     </span>
     <span class='ocr_line' id='line_1_31' title="bbox 588 3207 2832 3278; baseline 0 -15"><span class='ocrx_word' id='word_1_290' title='bbox 588 3223 790 3263; x_wconf 89' lang='lat' dir='ltr'>secum</span> <span class='ocrx_word' id='word_1_291' title='bbox 824 3207 939 3262; x_wconf 78' lang='lat' dir='ltr'>fert</span> <span class='ocrx_word' id='word_1_292' title='bbox 982 3209 1139 3263; x_wconf 87' lang='lat' dir='ltr'>bona</span> <span class='ocrx_word' id='word_1_293' title='bbox 1168 3224 1366 3278; x_wconf 90' lang='lat' dir='ltr'>opera,</span> <span class='ocrx_word' id='word_1_294' title='bbox 1394 3209 1549 3263; x_wconf 91' lang='lat' dir='ltr'>sicut</span> <span class='ocrx_word' id='word_1_295' title='bbox 1590 3210 1748 3265; x_wconf 68' lang='lat' dir='ltr'>hona</span> <span class='ocrx_word' id='word_1_296' title='bbox 1788 3211 1965 3264; x_wconf 89' lang='lat' dir='ltr'>arbor</span> <span class='ocrx_word' id='word_1_297' title='bbox 1989 3210 2180 3265; x_wconf 88' lang='lat' dir='ltr'>bonos</span> <span class='ocrx_word' id='word_1_298' title='bbox 2221 3207 2467 3272; x_wconf 69' lang='lat' dir='ltr'>fructus.</span> <span class='ocrx_word' id='word_1_299' title='bbox 2494 3209 2586 3263; x_wconf 89' lang='lat' dir='ltr'>sol</span> <span class='ocrx_word' id='word_1_300' title='bbox 2623 3209 2832 3269; x_wconf 88' lang='lat' dir='ltr'>lucem.</span> 
     </span>
     <span class='ocr_line' id='line_1_32' title="bbox 591 3278 1827 3362; baseline 0.002 -31"><span class='ocrx_word' id='word_1_301' title='bbox 591 3278 744 3362; x_wconf 77' lang='lat' dir='ltr'>ignis</span> <span class='ocrx_word' id='word_1_302' title='bbox 770 3278 1047 3341; x_wconf 84' lang='lat' dir='ltr'>calorem,</span> <span class='ocrx_word' id='word_1_303' title='bbox 1074 3288 1136 3333; x_wconf 97' lang='lat' dir='ltr'>et</span> <span class='ocrx_word' id='word_1_304' title='bbox 1161 3294 1317 3349; x_wconf 88' lang='lat' dir='ltr'>aqua</span> <span class='ocrx_word' id='word_1_305' title='bbox 1344 3279 1827 3334; x_wconf 86' lang='lat' dir='ltr'>humiditatem.”</span> 
     </span>
    </p>
   </div>
   <div class='ocr_carea' id='block_1_4' title="bbox 592 3458 2839 4294">
    <p class='ocr_par' dir='ltr' id='par_1_4' title="bbox 592 3458 2839 4294">
     <span class='ocr_line' id='line_1_33' title="bbox 592 3458 2834 3541; baseline -0.001 -18"><span class='ocrx_word' id='word_1_306' title='bbox 592 3460 705 3523; x_wconf 83' lang='lat' dir='ltr'>Ex</span> <span class='ocrx_word' id='word_1_307' title='bbox 751 3458 855 3522; x_wconf 91' lang='lat' dir='ltr'>his</span> <span class='ocrx_word' id='word_1_308' title='bbox 901 3478 1077 3522; x_wconf 87' lang='lat' dir='ltr'>nunc</span> <span class='ocrx_word' id='word_1_309' title='bbox 1126 3466 1442 3521; x_wconf 88' lang='lat' dir='ltr'>constare</span> <span class='ocrx_word' id='word_1_310' title='bbox 1489 3467 1744 3539; x_wconf 87' lang='lat' dir='ltr'>potest,</span> <span class='ocrx_word' id='word_1_311' title='bbox 1786 3460 1972 3541; x_wconf 70' lang='lat' dir='ltr'>,quod</span> <span class='ocrx_word' id='word_1_312' title='bbox 2019 3459 2084 3522; x_wconf 88' lang='lat' dir='ltr'>in</span> <span class='ocrx_word' id='word_1_313' title='bbox 2133 3458 2434 3522; x_wconf 88' lang='lat' dir='ltr'>ecclesiis</span> <span class='ocrx_word' id='word_1_314' title='bbox 2479 3458 2612 3521; x_wconf 88' lang='lat' dir='ltr'>illis</span> <span class='ocrx_word' id='word_1_315' title='bbox 2657 3458 2834 3522; x_wconf 87' lang='lat' dir='ltr'>aliud</span> 
     </span>
     <span class='ocr_line' id='line_1_34' title="bbox 593 3548 2836 3626; baseline -0.001 -9"><span class='ocrx_word' id='word_1_316' title='bbox 593 3554 922 3617; x_wconf 89' lang='lat' dir='ltr'>doceatur</span> <span class='ocrx_word' id='word_1_317' title='bbox 952 3574 1041 3615; x_wconf 84' lang='lat' dir='ltr'>ex</span> <span class='ocrx_word' id='word_1_318' title='bbox 1074 3548 1383 3616; x_wconf 66' lang='lat' dir='ltr'>doctrina</span> <span class='ocrx_word' id='word_1_319' title='bbox 1413 3561 1484 3616; x_wconf 91' lang='lat' dir='ltr'>et</span> <span class='ocrx_word' id='word_1_320' title='bbox 1516 3552 1674 3615; x_wconf 90' lang='lat' dir='ltr'>inde</span> <span class='ocrx_word' id='word_1_321' title='bbox 1699 3552 1956 3626; x_wconf 92' lang='lat' dir='ltr'>Verbo,</span> <span class='ocrx_word' id='word_1_322' title='bbox 1986 3562 2056 3616; x_wconf 88' lang='lat' dir='ltr'>et</span> <span class='ocrx_word' id='word_1_323' title='bbox 2088 3553 2268 3615; x_wconf 90' lang='lat' dir='ltr'>aliud</span> <span class='ocrx_word' id='word_1_324' title='bbox 2299 3574 2389 3615; x_wconf 86' lang='lat' dir='ltr'>ex</span> <span class='ocrx_word' id='word_1_325' title='bbox 2417 3551 2652 3616; x_wconf 90' lang='lat' dir='ltr'>Verbo</span> <span class='ocrx_word' id='word_1_326' title='bbox 2677 3554 2836 3616; x_wconf 90' lang='lat' dir='ltr'>dum</span> 
     </span>
     <span class='ocr_line' id='line_1_35' title="bbox 596 3644 2834 3730; baseline -0.001 -18"><span class='ocrx_word' id='word_1_327' title='bbox 596 3668 731 3712; x_wconf 88' lang='lat' dir='ltr'>non</span> <span class='ocrx_word' id='word_1_328' title='bbox 779 3648 975 3712; x_wconf 89' lang='lat' dir='ltr'>simul</span> <span class='ocrx_word' id='word_1_329' title='bbox 1023 3668 1113 3711; x_wconf 86' lang='lat' dir='ltr'>ex</span> <span class='ocrx_word' id='word_1_330' title='bbox 1160 3644 1506 3725; x_wconf 60' lang='lat' dir='ltr'>doctrina3</span> <span class='ocrx_word' id='word_1_331' title='bbox 1568 3657 1639 3711; x_wconf 90' lang='lat' dir='ltr'>et</span> <span class='ocrx_word' id='word_1_332' title='bbox 1694 3649 1872 3730; x_wconf 94' lang='lat' dir='ltr'>quod</span> <span class='ocrx_word' id='word_1_333' title='bbox 1923 3648 2017 3711; x_wconf 90' lang='lat' dir='ltr'>illi</span> <span class='ocrx_word' id='word_1_334' title='bbox 2063 3649 2174 3730; x_wconf 90' lang='lat' dir='ltr'>qui</span> <span class='ocrx_word' id='word_1_335' title='bbox 2221 3647 2476 3711; x_wconf 88' lang='lat' dir='ltr'>docent</span> <span class='ocrx_word' id='word_1_336' title='bbox 2521 3659 2593 3711; x_wconf 92' lang='lat' dir='ltr'>et</span> <span class='ocrx_word' id='word_1_337' title='bbox 2639 3646 2834 3711; x_wconf 91' lang='lat' dir='ltr'>simul</span> 
     </span>
     <span class='ocr_line' id='line_1_36' title="bbox 592 3740 2836 3825; baseline 0 -19"><span class='ocrx_word' id='word_1_338' title='bbox 592 3744 829 3807; x_wconf 84' lang='lat' dir='ltr'>vivunt</span> <span class='ocrx_word' id='word_1_339' title='bbox 874 3763 966 3805; x_wconf 86' lang='lat' dir='ltr'>ex</span> <span class='ocrx_word' id='word_1_340' title='bbox 1024 3740 1353 3818; x_wconf 63' lang='lat' dir='ltr'>doctrina,</span> <span class='ocrx_word' id='word_1_341' title='bbox 1402 3741 1876 3823; x_wconf 85' lang='lat' dir='ltr'>intelligantur</span> <span class='ocrx_word' id='word_1_342' title='bbox 1935 3761 2055 3823; x_wconf 90' lang='lat' dir='ltr'>per</span> <span class='ocrx_word' id='word_1_343' title='bbox 2111 3742 2264 3805; x_wconf 91' lang='lat' dir='ltr'>illos</span> <span class='ocrx_word' id='word_1_344' title='bbox 2317 3744 2429 3825; x_wconf 91' lang='lat' dir='ltr'>qui</span> <span class='ocrx_word' id='word_1_345' title='bbox 2493 3742 2836 3806; x_wconf 87' lang='lat' dir='ltr'>“adorant</span> 
     </span>
     <span class='ocr_line' id='line_1_37' title="bbox 592 3834 2834 3918; baseline 0 -18"><span class='ocrx_word' id='word_1_346' title='bbox 592 3838 881 3900; x_wconf 88' lang='lat' dir='ltr'>bestiam</span> <span class='ocrx_word' id='word_1_347' title='bbox 935 3846 1007 3900; x_wconf 87' lang='lat' dir='ltr'>et</span> <span class='ocrx_word' id='word_1_348' title='bbox 1060 3836 1199 3917; x_wconf 91' lang='lat' dir='ltr'>ejus</span> <span class='ocrx_word' id='word_1_349' title='bbox 1252 3836 1617 3917; x_wconf 85' lang='lat' dir='ltr'>imaginem</span> <span class='ocrx_word' id='word_1_350' title='bbox 1636 3836 1668 3861; x_wconf 74' lang='lat'>’⁹</span> <span class='ocrx_word' id='word_1_351' title='bbox 1716 3834 1832 3917; x_wconf 91' lang='lat' dir='ltr'>(de</span> <span class='ocrx_word' id='word_1_352' title='bbox 1889 3836 2130 3918; x_wconf 90' lang='lat' dir='ltr'>quibus</span> <span class='ocrx_word' id='word_1_353' title='bbox 2182 3838 2247 3900; x_wconf 90' lang='lat' dir='ltr'>in</span> <span class='ocrx_word' id='word_1_354' title='bbox 2301 3836 2603 3900; x_wconf 88' lang='lat' dir='ltr'>versibus</span> <span class='ocrx_word' id='word_1_355' title='bbox 2646 3853 2834 3917; x_wconf 81' lang='lat'>9—11.</span> 
     </span>
     <span class='ocr_line' id='line_1_38' title="bbox 593 3929 2833 4013; baseline 0 -18"><span class='ocrx_word' id='word_1_356' title='bbox 593 3951 767 3995; x_wconf 90' lang='lat' dir='ltr'>nunc</span> <span class='ocrx_word' id='word_1_357' title='bbox 808 3929 1061 4013; x_wconf 87' lang='lat' dir='ltr'>agitur)</span> <span class='ocrx_word' id='word_1_358' title='bbox 1093 3952 1109 4009; x_wconf 93' lang='grc'><strong>;</strong></span> <span class='ocrx_word' id='word_1_359' title='bbox 1158 3940 1230 3994; x_wconf 87' lang='lat' dir='ltr'>et</span> <span class='ocrx_word' id='word_1_360' title='bbox 1267 3931 1447 4011; x_wconf 92' lang='lat' dir='ltr'>quod</span> <span class='ocrx_word' id='word_1_361' title='bbox 1490 3930 1583 3993; x_wconf 88' lang='lat' dir='ltr'>illi</span> <span class='ocrx_word' id='word_1_362' title='bbox 1622 3933 1734 4013; x_wconf 89' lang='lat' dir='ltr'>qui</span> <span class='ocrx_word' id='word_1_363' title='bbox 1771 3932 2022 3994; x_wconf 89' lang='lat' dir='ltr'>docent</span> <span class='ocrx_word' id='word_1_364' title='bbox 2059 3941 2130 3995; x_wconf 89' lang='lat' dir='ltr'>et</span> <span class='ocrx_word' id='word_1_365' title='bbox 2177 3932 2414 3995; x_wconf 88' lang='lat' dir='ltr'>vivunt</span> <span class='ocrx_word' id='word_1_366' title='bbox 2449 3952 2542 3994; x_wconf 86' lang='lat' dir='ltr'>ex</span> <span class='ocrx_word' id='word_1_367' title='bbox 2579 3931 2833 4006; x_wconf 87' lang='lat' dir='ltr'>Verb0‚</span> 
     </span>
     <span class='ocr_line' id='line_1_39' title="bbox 596 4023 2836 4107; baseline -0 -19"><span class='ocrx_word' id='word_1_368' title='bbox 596 4023 1066 4105; x_wconf 87' lang='lat' dir='ltr'>intelligantur</span> <span class='ocrx_word' id='word_1_369' title='bbox 1100 4042 1218 4106; x_wconf 90' lang='lat' dir='ltr'>per</span> <span class='ocrx_word' id='word_1_370' title='bbox 1240 4024 1394 4087; x_wconf 90' lang='lat' dir='ltr'>illos</span> <span class='ocrx_word' id='word_1_371' title='bbox 1443 4025 1527 4087; x_wconf 90' lang='lat' dir='ltr'>de</span> <span class='ocrx_word' id='word_1_372' title='bbox 1562 4026 1802 4107; x_wconf 90' lang='lat' dir='ltr'>quibus</span> <span class='ocrx_word' id='word_1_373' title='bbox 1831 4024 1926 4106; x_wconf 89' lang='lat' dir='ltr'>(in</span> <span class='ocrx_word' id='word_1_374' title='bbox 1953 4044 2148 4088; x_wconf 88' lang='lat' dir='ltr'>versu</span> <span class='ocrx_word' id='word_1_375' title='bbox 2180 4034 2508 4107; x_wconf 88' lang='lat' dir='ltr'>sequente</span> <span class='ocrx_word' id='word_1_376' title='bbox 2543 4024 2645 4107; x_wconf 87' lang='lat'>12)</span> <span class='ocrx_word' id='word_1_377' title='bbox 2674 4026 2836 4089; x_wconf 87' lang='lat' dir='ltr'>dici·</span> 
     </span>
     <span class='ocr_line' id='line_1_40' title="bbox 595 4116 2839 4199; baseline 0 -17"><span class='ocrx_word' id='word_1_378' title='bbox 595 4130 723 4193; x_wconf 88' lang='lat' dir='ltr'>tur,</span> <span class='ocrx_word' id='word_1_379' title='bbox 750 4123 788 4152; x_wconf 80' lang='lat'>‘⁶</span> <span class='ocrx_word' id='word_1_380' title='bbox 812 4118 943 4182; x_wconf 89' lang='lat' dir='ltr'>Hic</span> <span class='ocrx_word' id='word_1_381' title='bbox 970 4120 1301 4199; x_wconf 87' lang='lat' dir='ltr'>patientia</span> <span class='ocrx_word' id='word_1_382' title='bbox 1324 4116 1712 4183; x_wconf 70' lang='lat' dir='ltr'>sanctorum</span> <span class='ocrx_word' id='word_1_383' title='bbox 1738 4131 1864 4195; x_wconf 91' lang='lat' dir='ltr'>est,</span> <span class='ocrx_word' id='word_1_384' title='bbox 1888 4118 1996 4182; x_wconf 89' lang='lat' dir='ltr'>hic</span> <span class='ocrx_word' id='word_1_385' title='bbox 2022 4120 2490 4183; x_wconf 86' lang='lat' dir='ltr'>custodientes</span> <span class='ocrx_word' id='word_1_386' title='bbox 2515 4119 2839 4183; x_wconf 88' lang='lat' dir='ltr'>mandata</span> 
     </span>
     <span class='ocr_line' id='line_1_41' title="bbox 595 4210 1349 4294; baseline -0.003 -17"><span class='ocrx_word' id='word_1_387' title='bbox 595 4212 744 4287; x_wconf 86' lang='lat' dir='ltr'>Dei,</span> <span class='ocrx_word' id='word_1_388' title='bbox 784 4223 856 4276; x_wconf 91' lang='lat' dir='ltr'>et</span> <span class='ocrx_word' id='word_1_389' title='bbox 894 4210 1096 4275; x_wconf 86' lang='lat' dir='ltr'>fidem</span> <span class='ocrx_word' id='word_1_390' title='bbox 1132 4212 1349 4294; x_wconf 89' lang='lat' dir='ltr'>Jesu.’&#39;</span> 
     </span>
    </p>
   </div>
   <div class='ocr_carea' id='block_1_5' title="bbox 594 4312 2843 4491">
    <p class='ocr_par' dir='ltr' id='par_1_5' title="bbox 594 4312 2843 4491">
     <span class='ocr_line' id='line_1_42' title="bbox 712 4312 2843 4395; baseline -0.002 -15"><span class='ocrx_word' id='word_1_391' title='bbox 712 4314 920 4380; x_wconf 79' lang='lat'><strong>886.</strong></span> <span class='ocrx_word' id='word_1_392' title='bbox 964 4312 1084 4376; x_wconf 69' lang='lat' dir='ltr'>“Et</span> <span class='ocrx_word' id='word_1_393' title='bbox 1108 4314 1431 4395; x_wconf 67' lang='lat' dir='ltr'>acceperit</span> <span class='ocrx_word' id='word_1_394' title='bbox 1456 4314 1894 4377; x_wconf 69' lang='lat' dir='ltr'>character-em</span> <span class='ocrx_word' id='word_1_395' title='bbox 1920 4334 2112 4395; x_wconf 68' lang='lat' dir='ltr'>supet·</span> <span class='ocrx_word' id='word_1_396' title='bbox 2139 4314 2346 4378; x_wconf 64' lang='lat' dir='ltr'>fronto</span> <span class='ocrx_word' id='word_1_397' title='bbox 2371 4332 2491 4378; x_wconf 77' lang='lat' dir='ltr'>wa</span> <span class='ocrx_word' id='word_1_398' title='bbox 2520 4322 2634 4378; x_wconf 69' lang='lat' dir='ltr'>avt</span> <span class='ocrx_word' id='word_1_399' title='bbox 2656 4332 2843 4395; x_wconf 68' lang='lat' dir='ltr'>supet·</span> 
     </span>
     <span class='ocr_line' id='line_1_43' title="bbox 594 4406 2839 4491; baseline -0 -20"><span class='ocrx_word' id='word_1_400' title='bbox 594 4429 779 4471; x_wconf 82' lang='lat' dir='ltr'>manu</span> <span class='ocrx_word' id='word_1_401' title='bbox 812 4406 1282 4488; x_wconf 75' lang='lat' dir='ltr'>sua.”—Quod</span> <span class='ocrx_word' id='word_1_402' title='bbox 1332 4407 1671 4489; x_wconf 88' lang='lat' dir='ltr'>significet</span> <span class='ocrx_word' id='word_1_403' title='bbox 1709 4408 2140 4490; x_wconf 81' lang='lat' dir='ltr'>receptionem</span> <span class='ocrx_word' id='word_1_404' title='bbox 2173 4419 2240 4472; x_wconf 87' lang='lat' dir='ltr'>et</span> <span class='ocrx_word' id='word_1_405' title='bbox 2271 4410 2684 4491; x_wconf 83' lang='lat' dir='ltr'>agnitionem</span> <span class='ocrx_word' id='word_1_406' title='bbox 2709 4418 2839 4489; x_wconf 82' lang='lat' dir='ltr'>pro</span> 
     </span>
    </p>
   </div>
   <div class='ocr_carea' id='block_1_6' title="bbox 594 4504 2836 4680">
    <p class='ocr_par' dir='ltr' id='par_1_6' title="bbox 594 4504 2836 4680">
     <span class='ocr_line' id='line_1_44' title="bbox 594 4504 2835 4588; baseline -0 -20"><span class='ocrx_word' id='word_1_407' title='bbox 594 4504 895 4569; x_wconf 51' lang='lat' dir='ltr'>ecclesia</span> <span class='ocrx_word' id='word_1_408' title='bbox 929 4504 1113 4567; x_wconf 85' lang='lat' dir='ltr'>bonis</span> <span class='ocrx_word' id='word_1_409' title='bbox 1150 4514 1270 4567; x_wconf 85' lang='lat' dir='ltr'>aut</span> <span class='ocrx_word' id='word_1_410' title='bbox 1295 4514 1427 4585; x_wconf 87' lang='lat' dir='ltr'>pro</span> <span class='ocrx_word' id='word_1_411' title='bbox 1460 4504 1762 4567; x_wconf 83' lang='lat' dir='ltr'>ecclesiae</span> <span class='ocrx_word' id='word_1_412' title='bbox 1795 4506 1995 4578; x_wconf 82' lang='lat' dir='ltr'>veris,</span> <span class='ocrx_word' id='word_1_413' title='bbox 2035 4515 2312 4569; x_wconf 88' lang='lat' dir='ltr'>constat</span> <span class='ocrx_word' id='word_1_414' title='bbox 2355 4526 2446 4569; x_wconf 83' lang='lat' dir='ltr'>ex</span> <span class='ocrx_word' id='word_1_415' title='bbox 2493 4505 2623 4569; x_wconf 91' lang='lat' dir='ltr'>illis</span> <span class='ocrx_word' id='word_1_416' title='bbox 2669 4524 2835 4588; x_wconf 88' lang='lat' dir='ltr'>quae</span> 
     </span>
     <span class='ocr_line' id='line_1_45' title="bbox 596 4594 2836 4680; baseline -0 -20"><span class='ocrx_word' id='word_1_417' title='bbox 596 4616 801 4680; x_wconf 89' lang='lat' dir='ltr'>supra</span> <span class='ocrx_word' id='word_1_418' title='bbox 837 4614 907 4673; x_wconf 81' lang='lat' dir='ltr'>(n.</span> <span class='ocrx_word' id='word_1_419' title='bbox 930 4596 1080 4675; x_wconf 84' lang='lat'>838)</span> <span class='ocrx_word' id='word_1_420' title='bbox 1116 4594 1473 4677; x_wconf 83' lang='lat' dir='ltr'>explicata</span> <span class='ocrx_word' id='word_1_421' title='bbox 1508 4605 1694 4672; x_wconf 90' lang='lat' dir='ltr'>sunt,</span> <span class='ocrx_word' id='word_1_422' title='bbox 1721 4596 1833 4659; x_wconf 89' lang='lat' dir='ltr'>ubi</span> <span class='ocrx_word' id='word_1_423' title='bbox 1871 4595 2114 4659; x_wconf 91' lang='lat' dir='ltr'>similia</span> <span class='ocrx_word' id='word_1_424' title='bbox 2143 4596 2396 4660; x_wconf 86' lang='lat' dir='ltr'>verba:</span> <span class='ocrx_word' id='word_1_425' title='bbox 2456 4616 2578 4680; x_wconf 90' lang='lat' dir='ltr'>per</span> <span class='ocrx_word' id='word_1_426' title='bbox 2605 4599 2836 4660; x_wconf 79' lang='lat' dir='ltr'>“acci-</span> 
     </span>
    </p>
   </div>
  </div>
 </body>
</html>
