3259 5384
637 653 808 721 23oe
1279 651 1783 704 APOCALYPSIS
1828 652 2281 704 EXPLICATA.

633 833 751 886 aut
797 823 970 887 sicut
1015 823 1270 886 bonum
1315 832 1387 887 et
1435 843 1669 888 verum
1715 823 1896 906 apud
1943 824 2460 905 unumquemvis
2504 823 2883 908 hominem,

634 935 756 980 nec
812 916 1130 998 conjungi
1189 926 1476 999 possunt
1534 917 1839 981 diversae
1898 915 2289 980 affectiones
2350 918 2463 979 uni
2518 917 2888 998 eidemque

630 1010 1055 1092 cogitationi,
1077 1031 1196 1074 seu
1215 1011 1520 1076 diversae
1539 1010 1937 1075 voluntates
1953 1013 2066 1074 uni
2086 1011 2445 1093 eidemque
2470 1007 2883 1084 intellectui,

631 1125 750 1169 seu
786 1105 1052 1169 diversa
1087 1125 1248 1170 vera
1281 1105 1612 1170 ecclesiae
1658 1107 1770 1170 uni
1815 1106 2171 1189 eidemque
2218 1105 2403 1168 bono
2436 1105 2707 1178 amoris,
2750 1103 2887 1166 nisi

629 1197 1134 1264 falsificationes
1193 1210 1264 1264 et
1325 1199 1482 1264 inde
1542 1200 2022 1281 dissipationes
2073 1200 2215 1262 veri
2266 1189 2670 1275 existerent',
2718 1198 2887 1262 inde

629 1303 778 1358 erat
803 1294 984 1376 quod
1011 1295 1413 1358 concubitus
1443 1311 1600 1358 cum
1622 1295 1887 1376 virgine
1910 1293 2327 1374 desponsata
2352 1294 2605 1356 crimen
2636 1293 2889 1356 mortis

635 1396 863 1452 esset:
909 1389 1282 1452 secundum
1319 1388 1488 1452 haec
1525 1389 1707 1470 apud
1740 1387 2004 1463 Mosen,

731 1521 786 1571 si
811 1521 894 1570 vir
916 1535 1036 1571 cum
1061 1520 1240 1584 puella
1261 1521 1470 1584 virgine
1488 1521 1819 1584 desponsata
1840 1521 1960 1570 viro
1982 1521 2037 1570 in
2062 1523 2195 1570 urbe
2218 1519 2473 1578 cubuerit,
2491 1520 2655 1570 ambo
2678 1519 2889 1582 lepida.-

893 1589 1118 1646 buntur;
1149 1587 1195 1636 si
1215 1601 1344 1636 vero
1363 1588 1418 1636 in
1437 1599 1587 1649 agro,
1604 1587 1863 1636 morietur
1878 1586 1962 1636 vir
1978 1585 2144 1645 solus,
2158 1600 2269 1634 non
2289 1585 2497 1648 puellae
2512 1585 2715 1634 crimen
2736 1599 2891 1634 mor-

891 1653 961 1702 tis
985 1651 1193 1714 (Deutr.
1221 1652 1345 1702 xxii.
1372 1651 1583 1714 23-27):

635 1806 756 1868 per
795 1787 1289 1851 “concubitum
1334 1787 1401 1849 in
1449 1784 1662 1849 urbe”
1698 1785 2117 1867 significatur
2152 1783 2565 1848 adulteratio
2606 1783 2773 1848 boni
2808 1793 2889 1848 et

630 1883 770 1946 veri
824 1878 1172 1946 doctrinae
1226 1901 1316 1944 ex
1377 1880 1637 1954 Verb0,
1688 1880 1904 1943 “urbs
1920 1878 1950 1904 ’'
2004 1881 2184 1943 enim
2244 1888 2352 1942 est
2410 1876 2745 1954 doctrina,
2808 1887 2887 1942 et

636 1976 961 2059 lapidatio
1005 1986 1152 2039 erat
1197 1995 1420 2056 poena
1474 1974 1639 2037 laesi
1685 1975 1823 2037 veri
1880 1971 2267 2038 doctrinae:
2328 1993 2447 2054 per
2494 1973 2886 2036 “concubi-

631 2081 778 2135 tum
795 2070 826 2095 ”
863 2081 1095 2134 autem
1137 2071 1264 2133 “in
1314 2067 1538 2151 agro,”
1580 2066 2000 2151 significatur
2047 2067 2426 2132 falsificatio
2472 2069 2612 2132 veri
2653 2068 2885 2132 eccles-

632 2167 768 2229 siae
828 2175 1194 2246 antequam
1259 2162 1328 2226 id
1394 2173 1468 2226 ut
1531 2159 1906 2226 doctrinale
1970 2173 2319 2244 receptum
2386 2171 2514 2236 est,
2576 2163 2673 2225 ita
2742 2181 2885 2226 non

631 2259 1043 2324 adulteratio
1079 2258 1241 2322 boni
1272 2255 1454 2338 ejus;
1506 2263 1731 2340 “ager
1745 2256 1775 2282 ”
1807 2258 1985 2319 enim
2024 2266 2131 2320 est
2169 2256 2457 2321 ecclesia
2494 2257 2604 2319 ubi
2644 2275 2885 2320 verum

631 2356 920 2438 primum
964 2353 1408 2434 inplantatur,
1448 2351 1606 2415 dein
1644 2351 1911 2426 crescit,
1952 2361 2023 2414 et
2062 2351 2335 2414 demum
2373 2349 2447 2413 fit
2486 2347 2884 2428 do&rinae;

631 2466 839 2530 quare
871 2449 973 2510 vir
1005 2446 1191 2510 solus
1231 2447 1608 2509 moriretur.
1698 2444 1813 2509 Ex
1847 2445 1950 2509 his
1986 2464 2255 2528 quoque
2292 2454 2606 2509 constare
2645 2454 2885 2527 potest

631 2543 812 2626 quod
850 2560 970 2623 per
1011 2541 1535 2624 “virginitatem
1558 2539 1589 2565 ”
1625 2537 2043 2622 significetur
2079 2537 2345 2602 affectio
2380 2540 2520 2602 veri
2556 2539 2829 2603 illibata

907 2675 1005 2737 (Ut
1025 2675 1190 2726 Levit.
1215 2676 1323 2726 xxi.
1351 2687 1446 2736 13;
1481 2675 1670 2726 Dentr.
1694 2673 1819 2726 xxii.
1848 2687 2004 2736 13-21
2027 2689 2040 2733 ;
2074 2673 2258 2724 Ezech.
2282 2674 2427 2725 xxiii.
2458 2686 2502 2735 3.
2534 2675 2599 2737 8),

749 2805 958 2890 864.
1007 2805 1128 2868 ἸΙΙ
1165 2811 1316 2870 sunt
1359 2805 1470 2888 qm'
1507 2810 1849 2888 soquentes
1887 2805 2118 2887 agnum
2174 2823 2533 2887 quoeunque
2580 2805 2886 2868 vadit?—

633 2901 836 2985 Quod
873 2901 1213 2985 significet
1250 2902 1371 2985 qui
1399 2903 1703 2985 adjunc‘li
1736 2901 2017 2965 Domino
2044 2911 2175 2983 per
2206 2902 2607 2983 agnitionem
2642 2902 2893 2966 Divini

631 3001 942 3065 Humani
979 3001 1230 3082 Ipsius,
1277 3011 1342 3065 et
1375 3011 1505 3082 per
1557 3001 1773 3064 vitam
1830 3001 2183 3064 secundum
2218 3009 2580 3082 praecepta
2624 3001 2879 3082 Ipsius,

631 3106 907 3160 constat
945 3116 1034 3158 ex
1073 3093 1566 3177 significatione
1608 3093 1917 3178 “Agni,'’
1942 3095 2123 3178 quod
2161 3097 2248 3159 sit
2288 3095 2622 3159 Dominus
2653 3097 2885 3178 quoad

634 3187 958 3251 Divinum
1021 3187 1418 3250 Humanum
1463 3203 1550 3260 (de
1581 3215 1683 3261 qua
1713 3215 1874 3261 supra.
1908 3215 1959 3249 n.
1996 3202 2185 3268 314);
2244 3207 2335 3250 ex
2373 3186 2882 3269 significatione

637 3285 880 3366 “sequi
919 3283 1150 3364 Ipsum
1182 3302 1585 3366 quocunque
1621 3281 1873 3358 vadit,”
1911 3283 2092 3364 quod
2139 3285 2225 3346 sit
2272 3303 2649 3364 agnoscere
2688 3281 2883 3346 Divi-

637 3395 796 3440 num
838 3376 1072 3458 Ipsius,
1113 3386 1185 3441 et
1222 3377 1440 3441 facere
1472 3387 1843 3458 praecepta
1882 3376 2118 3458 Ipsius.
2210 3377 2333 3440 Per
2361 3377 2606 3459 “sequi
2640 3375 2885 3440 Domi·

634 3490 794 3534 num
815 3470 845 3495 '¹
882 3472 1097 3535 simile
1129 3469 1546 3552 significatur
1581 3470 1763 3553 quod
1802 3491 1922 3552 per
1956 3472 2109 3534 “ire
2125 3471 2155 3494 ”
2181 3483 2251 3534 et
2282 3471 2688 3534 “ambulare
2720 3482 2885 3552 post

637 3564 868 3646 Ipsum
893 3564 945 3643 ;”
975 3566 1156 3647 quod
1175 3571 1215 3598 ‘⁴
1233 3564 1384 3640 ire,”
1399 3576 1472 3628 et
1491 3571 1531 3598 ‘⁸
1549 3565 1897 3629 ambulare
1916 3563 2118 3646 ”post
2146 3564 2515 3630 Dominum
2540 3565 2885 3647 significet

635 3677 1030 3740 agnoscere,
1070 3659 1368 3733 obedire,
1409 3657 1631 3722 facere
1677 3669 1749 3722 et
1779 3659 2007 3722 vivere
2052 3659 2141 3722 ab
2186 3660 2348 3741 Ipso
2392 3670 2463 3723 et
2502 3679 2655 3724 cum
2696 3660 2881 3744 Ipso,

633 3750 952 3814 videatur
999 3769 1202 3832 supra
1253 3765 1325 3824 (u.
1354 3751 1524 3830 787).
1605 3749 1833 3816 Causa
1876 3751 2061 3832 quod
2105 3750 2227 3814 illa
2264 3771 2385 3833 per
2422 3753 2677 3834 .‘·sequi
2734 3752 2882 3816 Do·

637 3843 889 3906 minum
905 3841 935 3866 ”
955 3841 1438 3922 significentur,
1466 3851 1574 3906 est
1607 3843 1765 3926 quia
1796 3861 1999 3906 nemo
2029 3853 2260 3924 potest
2294 3847 2482 3927 sequi
2511 3843 2883 3908 Dominum

635 3957 678 4000 a
713 3956 808 4011 se,
842 3937 961 4000 sed
1001 3938 1088 4001 ab
1127 3937 1286 4019 Ipso
1325 3937 1662 4015 Domin03
1710 3937 2045 4001 Dominus
2076 3939 2255 4001 enim
2293 3940 2503 4004 trahit
2534 3939 2883 4004 hominem

638 4041 793 4113 post
841 4029 950 4104 Se,
998 4033 1110 4114 qui
1157 4052 1248 4094 ex
1294 4030 1510 4095 libero
1553 4031 1704 4094 vult
1749 4032 1978 4114 sequi;
2033 4041 2105 4096 at
2152 4052 2288 4095 non
2335 4043 2565 4114 potest
2613 4035 2882 4099 trahere

639 4126 932 4207 aliquem
959 4127 1070 4209 qui
1109 4144 1244 4189 non
1269 4125 1417 4190 vult
1447 4125 1637 4208 sequi
1663 4124 1936 4206 Ipsum;
1985 4124 2319 4190 Dominus
2350 4129 2531 4191 enim
2562 4140 2885 4210 operatur

637 4221 768 4284 hoc
807 4219 984 4302 apud
1022 4218 1234 4294 illum,
1268 4221 1442 4284 sicut
1479 4221 1689 4290 homo
1724 4230 2121 4303 sequeretur
2158 4219 2387 4302 Ipsum
2424 4241 2465 4284 a
2500 4233 2745 4298 semet,
2786 4225 2885 4286 ita

637 4315 704 4377 in
743 4312 882 4394 ejus
917 4312 1202 4378 liberum
1239 4313 1473 4387 influit,
1507 4324 1578 4377 et
1617 4314 1747 4377 hoc
1786 4313 1947 4376 facit
1983 4323 2263 4395 propter
2296 4317 2765 4396 receptionem
2800 4337 2881 4380 ac

637 4405 1234 4489 implantationem
1271 4407 1412 4472 veri
1455 4418 1528 4472 et
1573 4407 1733 4470 boni
1778 4406 1956 4490 apud
1994 4408 2207 4482 illum,
2246 4419 2317 4471 et
2363 4409 2519 4472 inde
2557 4407 2880 4474 reforma-

639 4503 899 4565 tionem
921 4512 993 4566 et
1017 4502 1608 4584 regenerationem
1633 4523 1649 4580 ;
1690 4521 1849 4566 nam
1880 4503 2006 4565 nisi
2030 4513 2385 4585 appareret
2412 4503 2667 4566 homini
2694 4505 2881 4587 sequi

640 4596 1010 4662 Dominum
1061 4597 1237 4662 sicut
1288 4615 1330 4660 a
1379 4615 1476 4670 se,
1523 4596 1655 4660 hoc
1700 4606 1829 4673 est,
1877 4615 2249 4679 agnoscere
2294 4595 2615 4660 Divinum
2662 4597 2881 4680 Ipsius
