3259 5384
585 609 752 674 2268
1204 624 1709 678 APOCALvPsm
1752 625 2209 678 ExPucATA.

577 803 892 875 pastores
951 793 1296 877 significat
1339 796 1769 861 inanitatem
1830 809 1903 862 et
1956 798 2375 862 vacuitatem
2428 793 2816 861 doch-inae
2841 815 2860 874 ;

581 895 620 920 ‘⁸
639 889 1009 970 captivitas
1029 889 1058 914 ”
1079 892 1145 952 in
1173 911 1376 973 quam
1403 892 1690 955 abibunt
1716 893 1975 967 amasii,
2000 890 2343 974 significat
2368 893 2861 956 seclusionem

577 982 666 1046 ab
717 984 1029 1048 omnibus
1078 986 1257 1048 veris
1310 995 1382 1050 et
1435 987 1524 1050 ab
1570 984 1928 1050 intellectu
1976 1006 2251 1064 eorum3
2320 985 2723 1069 “pudefieri
2782 995 2861 1049 et

578 1075 954 1156 ignominia
989 1077 1215 1142 affici”
1253 1078 1590 1162 significat
1629 1081 1912 1144 destitui
1950 1081 2037 1143 ab
2073 1081 2260 1144 omni
2306 1080 2489 1144 bono
2528 1091 2605 1144 et
2646 1100 2859 1154 vero,

581 1173 676 1235 sic
716 1174 920 1248 enim,
960 1173 1121 1236 dum
1161 1174 1340 1238 inter
1376 1174 1665 1257 angelos
1702 1174 2008 1252 veniunt,
2048 1176 2308 1259 pudore
2345 1184 2418 1239 et
2454 1175 2865 1257 ignominia

579 1265 982 1331 afficiuntur.
1076 1268 1286 1351 Apud
1318 1269 1574 1345 Mosen,

677 1401 707 1423 ⁸⁸
723 1399 886 1450 Ebria
911 1401 1104 1452 faciam
1132 1403 1242 1452 tela
1266 1417 1388 1452 mea
1415 1418 1482 1452 ex
1509 1405 1789 1466 sanguine,
1817 1413 1873 1453 et
1893 1404 2105 1466 gladius
2139 1419 2293 1456 meus
2318 1405 2564 1454 comedet
2590 1417 2859 1464 σαι-ηοω,

839 1482 906 1515 ex
959 1468 1222 1530 sanguine
1263 1467 1502 1519 confossi
1541 1479 1596 1518 et
1636 1469 1977 1533 captivitatis,
2016 1485 2084 1519 ex
2122 1470 2249 1520 felle
2294 1471 2561 1520 ultionum
2612 1468 2861 1519 hostis”

839 1532 1044 1590 (Deum
1070 1533 1232 1584 xxxii.
1254 1533 1370 1596 42):

586 1663 832 1728 “ebria
859 1663 1079 1729 facere
1112 1665 1255 1730 tela
1279 1687 1369 1730 ex
1403 1666 1783 1748 sanguine”
1808 1665 2151 1748 significat
2182 1667 2422 1732 deliria
2451 1668 2720 1730 mentis
2756 1687 2857 1730 ex

578 1758 942 1824 falsificato
995 1758 1270 1839 Verbo;
1344 1759 1674 1842 “gladius
1728 1762 2047 1827 comedet
2110 1761 2435 1826 carnem”
2486 1760 2855 1844 significat

579 1855 761 1937 quod
821 1855 990 1920 salsa
1047 1854 1476 1920 destructura
1534 1857 1672 1920 sint
1732 1859 1963 1920 omnia
2020 1857 2219 1934 boni;
2288 1863 2435 1922 “ex
2495 1859 2855 1939 sanguine

581 1949 878 2013 confossi
915 1958 986 2012 et
1026 1951 1450 2032 captivitatis
1466 1950 1497 1975 ’'
1534 1950 1876 2032 significat
1915 1949 2451 2016 exstinctionem
2488 1962 2559 2014 et
2606 1951 2853 2016 seclu-

583 2041 846 2104 sionem
901 2043 1124 2104 omnis
1178 2043 1320 2104 veri
1377 2040 1872 2124 (“consossus”
1926 2053 2033 2106 est
2086 2040 2461 2106 exstinctio
2512 2045 2657 2106 veri
2724 2063 2855 2125 per

582 2131 771 2206 salsa,
814 2143 883 2196 et
928 2132 1397 2222 “captivitas”
1434 2143 1542 2197 est
1581 2133 1874 2198 seclusio
1912 2135 2051 2198 veri
2088 2155 2130 2198 a
2166 2134 2415 2216 salsis);
2482 2141 2635 2198 “ex
2676 2135 2853 2200 felle

585 2223 922 2287 ultionum
968 2224 1188 2288 hostis
1206 2225 1236 2248 ”
1274 2225 1612 2307 significat
1662 2247 1751 2290 ex
1800 2226 2059 2289 malitia
2096 2235 2169 2290 et
2206 2229 2543 2291 saevitate
2586 2227 2852 2290 inferni

589 2314 774 2398 (“sel
830 2315 1167 2380 ultionum
1186 2316 1216 2342 ”
1263 2326 1370 2379 est
1427 2317 1688 2381 malitia
1737 2329 1808 2381 et
1856 2319 2178 2395 saevitaS,
2228 2328 2301 2383 et
2353 2317 2681 2382 “hostis’'
2733 2329 2852 2384 est

583 2407 975 2490 infernum).
1067 2408 1277 2491 Apud
1309 2407 1616 2486 Esaiam,

685 2538 1050 2590 “Incurvatus
1085 2551 1168 2592 est
1200 2541 1314 2600 Bel,
1339 2541 1568 2592 inflexus
1602 2551 1687 2592 est
1716 2541 1887 2600 Nebo.
1910 2551 2037 2592 sunt
2066 2542 2211 2592 idola
2237 2556 2423 2592 eorum
2452 2542 2599 2591 ferae
2628 2551 2687 2591 et
2722 2543 2852 2591 bes-

848 2606 955 2655 tiae
973 2621 1008 2664 ;.
1030 2643 1042 2656 .
1063 2645 1073 2654 .
1096 2607 1302 2656 .inflexi
1325 2617 1452 2656 sunt
1476 2618 1528 2656 et
1549 2608 1811 2656 incurvati
1836 2619 1964 2658 sunt
1982 2608 2185 2666 simul..
2203 2643 2218 2658 .
2236 2644 2250 2659 .
2271 2617 2347 2658 ,ct
2365 2607 2546 2656 anima
2561 2621 2761 2656 eorum
2788 2608 2849 2656 in

849 2671 1218 2734 captivitatem
1244 2673 1412 2722 abibit
1426 2671 1454 2692 ''
1479 2672 1624 2734 (xlvi.
1654 2685 1698 2732 1,
1725 2673 1805 2734 2):

590 2803 834 2868 “idola
863 2824 1096 2868 eorum
1135 2805 1315 2868 serae
1346 2815 1418 2868 et
1459 2807 1720 2869 bestiae
1736 2805 1768 2830 ”
1800 2804 2139 2886 significat
2170 2804 2351 2888 quod
2388 2803 2559 2869 falsa
2592 2821 2847 2868 eorum

587 2896 726 2960 sint
778 2896 948 2960 salsa
999 2896 1350 2960 infernalia
1402 2895 1685 2960 et'inde
1746 2897 1966 2974 mala;
2033 2895 2321 2960 “inflexi
2370 2905 2443 2958 et
2496 2895 2847 2958 incurvati

589 2987 834 3052 simul”
879 2987 1220 3070 significat
1269 2989 1451 3070 quod
1503 2988 1846 3070 dilapsura
1893 2991 2071 3064 sint;
2142 2989 2425 3050 “anima
2478 3006 2718 3050 eorum
2771 2987 2845 3050 in

587 3081 1067 3162 captivitatem
1114 3079 1328 3144 abibit
1353 3079 1384 3105 '⁹
1421 3078 1762 3161 significat
1810 3080 1990 3162 quod
2044 3081 2111 3142 in
2158 3078 2512 3154 infernum,
2562 3078 2676 3141 ubi
2723 3098 2844 3142 se·

588 3172 758 3258 clusi
790 3172 878 3235 ab
910 3172 1096 3235 omni
1131 3192 1294 3235 vero
1327 3183 1546 3236 erunt.
1638 3171 1847 3254 Apud
1893 3169 2245 3248 Obadiam,

687 3305 796 3355 “In
821 3306 908 3354 die
932 3305 1025 3354 illo
1044 3305 1313 3368 captivum
1333 3305 1600 3354 duxerunt
1619 3304 1779 3352 alieni
1801 3306 1963 3353 robur
1980 3304 2113 3366 eius,
2132 3313 2186 3352 et
2203 3304 2539 3366 alienigenae
2560 3303 2846 3354 intrarunt

851 3382 1058 3434 portas,
1079 3408 1116 3430 .‚
1142 3380 1195 3420 et
1219 3385 1380 3434 super
1407 3369 1845 3434 Hierosolymam
1870 3370 2116 3432 jecerunt
2136 3379 2337 3418 sortem
2355 3368 2383 3387 ''
2407 3369 2461 3430 (i.
2490 3367 2603 3430 11):

591 3502 761 3565 haec
811 3502 898 3565 de
953 3501 1248 3576 Edomo‚
1301 3521 1424 3583 per
1475 3519 1677 3584 quem
1732 3499 2156 3582 significatur
2206 3519 2441 3563 verum
2500 3499 2845 3562 naturalis
2884 3525 2893 3538 ·

591 3593 906 3667 hominis,
947 3593 1056 3658 hic
1103 3604 1336 3656 autem
1375 3592 1659 3668 falsum;
1714 3611 1833 3674 per
1873 3592 2189 3655 “alienos
2206 3591 2237 3618 ''
2272 3593 2385 3674 qui
2428 3591 2841 3672 “captivum

591 3685 936 3748 duxerunt
983 3683 1188 3748 robur
1230 3683 1419 3765 ejus”
1457 3682 1927 3766 significantur
1964 3683 2134 3746 falsa
2176 3682 2510 3746 ecclesiae
2555 3683 2835 3746 destru-

603 3777 780 3840 entia
831 3796 992 3839 vera
1047 3775 1228 3857 ejus;
1301 3775 1642 3856 (“robur”
1693 3773 2037 3857 significat
2095 3794 2351 3848 verum,
2406 3775 2565 3856 quia
2622 3793 2837 3838 omne

591 3868 794 3932 robur
829 3867 1180 3950 spirituale
1225 3869 1292 3931 in
1331 3869 1508 3931 veris
1543 3867 1859 3930 consistit
1887 3865 1935 3948 ;)
2000 3885 2119 3948 per
2158 3865 2635 3946 “alienigenas
2653 3865 2684 3889 '⁹
2718 3866 2841 3947 qui

595 3959 1078 4022 “intraverunt
1125 3969 1362 4041 portas
1378 3959 1406 3984 ’'
1444 3957 1916 4040 significantur
1949 3957 2121 4020 salsa
2162 3953 2514 4020 doctrinae
2558 3955 2837 4020 destru-

591 4052 780 4114 entia
811 4071 973 4114 vera
1009 4071 1128 4132 per
1164 4071 1338 4134 quae
1375 4051 1722 4132 ingressus
1760 4049 1962 4112 datur
1996 4050 2063 4112 in
2101 4068 2263 4112 vera
2299 4047 2662 4124 interiora;
2712 4068 2837 4128 per

597 4149 636 4175 ⁴⁴
658 4141 1272 4222 Hierosolymam,”
1297 4162 1498 4224 super
1523 4159 1725 4224 quam
1756 4140 2117 4221 “jecerunt
2150 4137 2467 4213 sortem,”
2491 4138 2835 4220 significa·

593 4244 701 4299 tur
738 4230 1048 4297 doctrina
1081 4233 1410 4297 ecclesiae
1443 4254 1534 4296 ex
1568 4231 1802 4295 Verbo
1833 4233 1929 4295 sic
1964 4231 2294 4313 dissipata
2314 4251 2333 4310 3
2375 4229 2654 4310 “jacere
2685 4251 2836 4294 sor-

595 4337 738 4388 tem
756 4324 787 4351 ”
818 4335 926 4388 est
965 4326 1314 4407 dissipare.
1404 4324 1612 4406 Apud
1645 4323 2041 4398 Jeremiam,

681 4457 840 4509 “Vae
869 4459 966 4508 tibi
1004 4457 1218 4518 Moabe,
1247 4459 1405 4521 periit
1439 4457 1671 4521 populus
1702 4455 2013 4514 Kemoschi,
2040 4469 2167 4504 nam
2202 4453 2341 4516 rapti
2374 4463 2505 4504 sunt
2532 4453 2625 4502 filii
2660 4453 2739 4503 tui
2776 4454 2833 4502 in

851 4525 1230 4586 captivitatem,
1256 4534 1310 4572 et
1337 4523 1474 4572 filiae
1504 4532 1626 4571 tuae
1656 4523 1711 4571 in
1740 4521 2135 4583 captivitatenn
2177 4521 2427 4569 reducam
2456 4529 2638 4568 tamen
2668 4518 2837 4581 capti-

853 4591 1072 4640 vitatem
1105 4587 1289 4638 Moabi
1323 4585 1400 4654 [in
1426 4587 1763 4638 extremitate
1786 4581 2019 4650 dierum]
2036 4584 2065 4606 ”
2088 4585 2275 4648 (xlviii.
2298 4585 2380 4646 46,
2403 4587 2520 4647 47):
