3259 5384
735 717 816 786 23
827 719 908 768 10
1358 717 1859 770 APOCALYPSIS
1904 719 2355 770 EXPLICATA.

735 909 896 953 vera
927 909 1046 972 per
1069 889 1564 972 cogitationem
1591 900 1663 953 et
1695 889 1852 953 inde
1886 887 2270 972 loquelam;
2309 911 2402 954 ex
2435 888 2539 954 his
2563 899 2765 972 patet
2801 889 2976 954 unde

734 993 841 1046 est
880 984 1058 1066 quod
1095 982 1389 1064 Jacobus
1427 995 1498 1048 et
1532 982 1881 1065 Johannes
1918 982 2079 1047 dicti
2122 984 2367 1048 fuerint
2410 989 2451 1017 ‘⁴
2467 983 2581 1047 filii
2627 984 2975 1048 tonitrui.”

737 1081 894 1138 (Quid
913 1077 940 1094 ‘⁰
957 1080 1194 1140 fulguras·
1209 1076 1237 1094 ‘⁰
1255 1081 1465 1127 tonitrua
1479 1081 1507 1098 ⁸·
1529 1087 1578 1126 et
1595 1077 1624 1095 '⁸
1640 1093 1785 1127 voces
1805 1081 1832 1098 ”
1854 1081 1904 1126 in
1917 1081 2082 1128 Verbo
2102 1082 2387 1140 significant,
2405 1081 2624 1128 videatur
2642 1082 2796 1128 etiam
2820 1094 2977 1140 supra.

732 1181 780 1215 n.
801 1169 942 1234 273·
961 1167 1104 1234 702.
1125 1168 1290 1233 704.)
1360 1153 1564 1235 Quod
1593 1153 1931 1238 Dominus
1955 1155 2400 1236 assumpserit
2433 1154 2737 1226 Petrum,
2770 1153 2973 1235 Jaco-

733 1245 894 1308 bum
933 1256 1004 1309 et
1034 1245 1416 1327 Johannem
1449 1247 1515 1309 in
1550 1257 1857 1310 montem
1891 1265 2042 1310 cum
2078 1247 2599 1312 transformatus
2635 1258 2772 1322 est,
2808 1267 2973 1311 con-

731 1350 874 1403 stat
921 1341 1098 1422 apud
1145 1341 1454 1404 Marcum
1503 1337 1679 1422 (cap.
1728 1342 1821 1404 ix.
1872 1339 1965 1422 2),
2014 1351 2085 1404 et
2132 1341 2313 1424 apud
2357 1340 2605 1404 Lucam
2653 1340 2841 1424 (cap.
2880 1342 2970 1404 ix.

733 1433 843 1516 28)
872 1455 888 1511 ;
936 1454 1141 1498 causa
1171 1435 1353 1517 quod
1387 1433 1483 1498 illi
1513 1435 1847 1517 assumpti
1885 1437 2043 1509 sint,
2076 1444 2226 1498 erat
2256 1436 2411 1518 quia
2444 1453 2581 1498 non
2619 1434 2737 1499 alii
2773 1455 2971 1518 quam

732 1527 830 1592 illi
862 1530 972 1612 qui
1005 1531 1072 1592 in
1106 1529 1280 1592 veris
1312 1550 1400 1592 ex
1427 1529 1610 1592 bono
1640 1529 1923 1592 caelesti
1955 1539 2135 1603 sunt,
2164 1539 2449 1612 possunt
2473 1529 2701 1592 videre
2732 1528 2971 1592 Domi·

735 1643 895 1686 num
935 1624 999 1685 in
1047 1623 1287 1704 gloria,
1325 1632 1396 1686 et
1436 1643 1559 1687 nec
1600 1621 1713 1685 alii
1752 1633 2039 1705 possunt
2078 1621 2418 1697 illustrari,
2453 1633 2525 1686 et
2562 1623 2629 1685 in
2664 1621 2971 1686 illustra-

734 1717 921 1780 tione
955 1716 1301 1798 percipere
1335 1715 1642 1779 Verbum
1673 1737 1687 1793 ;
1738 1715 2070 1779 Dominus
2104 1718 2306 1790 enim,
2334 1736 2489 1780 cum
2520 1717 2967 1780 transforma-

734 1820 844 1874 tus
890 1822 998 1874 est
1037 1830 1267 1874 coram
1306 1809 1459 1885 illis,
1500 1810 2065 1892 repraesentabat
2104 1811 2423 1874 Divinum
2463 1809 2745 1885 Verum,
2788 1811 2967 1892 quod

734 1914 842 1969 est
882 1904 1228 1983 Verbum;
1283 1923 1489 1986 quare
1527 1905 1738 1968 etiam
1781 1903 2012 1967 Moses
2058 1914 2129 1968 et
2176 1905 2366 1968 Elias
2404 1905 2529 1967 visi
2574 1915 2738 1967 sunt
2787 1904 2967 1986 loqui

735 2018 888 2062 cum
945 1999 1144 2081 Ipso;
1206 2018 1325 2081 per
1379 1997 1683 2062 “Mosen
1738 2008 1810 2061 et
1864 1997 2137 2061 Eliam”
2188 1997 2609 2080 significatur
2660 1997 2961 2062 Verbum

733 2107 817 2166 (de
837 2106 1190 2164 quareadtum
1213 2106 1436 2152 videatur
1453 2119 1612 2164 supra,
1636 2118 1682 2151 n.
1712 2103 1958 2170 594[α]).
2044 2089 2249 2171 Quod
2302 2089 2640 2153 Dominus
2688 2089 2962 2153 locutus

732 2183 820 2245 sit
859 2201 1013 2245 cum
1053 2182 1277 2256 Petro,
1308 2180 1572 2263 Jacobo
1607 2191 1679 2245 et
1716 2180 2027 2262 Johanne
2066 2181 2153 2244 de
2188 2183 2782 2246 consummatione
2818 2201 2961 2244 sae·

730 2276 885 2351 culi,
925 2286 996 2339 et
1043 2276 1127 2340 de
1173 2276 1475 2339 adventu
1520 2295 1665 2350 sue,
1708 2285 1985 2339 constat
2032 2275 2210 2356 apud
2246 2274 2557 2339 Marcum
2604 2273 2783 2357 (cap.
2824 2277 2959 2338 xiii.

737 2369 828 2451 3).
917 2369 1012 2434 Et
1043 2371 1224 2452 quod
1259 2368 1357 2434 illi
1396 2380 1535 2433 tres
1573 2370 1817 2434 suerint
1850 2389 2003 2434 cum
2038 2368 2336 2433 Domino
2372 2371 2438 2431 in
2474 2369 2957 2442 Gethsemane‚

729 2463 977 2527 Mattlz.
1019 2466 1210 2526 xxvi.
1253 2480 1372 2544 37;
1435 2463 1655 2527 Marc.
1696 2465 1833 2526 xiv.
1877 2480 1975 2544 33.
2082 2461 2421 2544 Quoniam
2465 2462 2813 2544 Johannes
2857 2484 2958 2527 re-

730 2559 1217 2641 praesentabat
1263 2558 1620 2622 ecclesiam
1661 2557 1883 2640 quoad
1932 2558 2112 2620 bona
2152 2577 2380 2640 opera,
2421 2568 2493 2621 et
2538 2559 2719 2620 bona
2755 2577 2958 2640 opera

731 2653 1091 2716 continent
1137 2653 1365 2716 omnia
1413 2652 1665 2715 amoris
1718 2653 1785 2714 in
1836 2651 2205 2715 Dominum
2260 2661 2331 2715 et
2386 2651 2744 2716 charitatis
2794 2671 2955 2733 erga

732 2747 1140 2829 proximum,
1182 2747 1336 2810 ideo
1383 2745 1498 2810 ille
1541 2747 1665 2810 suit
1712 2766 1872 2827 prae
1917 2745 2192 2829 reliquis
2235 2766 2276 2808 a
2321 2745 2625 2810 Domino
2666 2756 2953 2818 amatuS‚

731 2850 806 2904 ut
843 2851 1163 2906 constare
1201 2850 1435 2924 potest
1473 2861 1563 2905 ex
1600 2861 1708 2917 e0,

837 2981 996 3046 Quod
1019 2983 1323 3032 accubuerit
1345 2984 1399 3031 in
1431 2983 1554 3032 sinu
1585 2981 1823 3044 Domini,
1848 2991 1902 3032 et
1928 2982 2169 3046 allapsus
2194 2983 2264 3034 ad
2292 2980 2481 3046 pectus
2506 2983 2717 3035 locutus
2744 2983 2811 3034 sit
2838 2997 2953 3033 cum

991 3047 1120 3110 Ipso
1144 3047 1293 3112 (Joh.
1317 3049 1428 3097 xiii.
1455 3059 1533 3108 23,
1559 3047 1674 3110 25):

728 3199 848 3262 per
887 3179 1165 3242 “sinum
1181 3177 1212 3204 ”
1247 3189 1320 3242 et
1367 3199 1487 3262 per
1524 3176 1871 3262 “pectus'’
1907 3180 1975 3244 in
2020 3177 2258 3243 Verbo
2304 3179 2725 3262 significatur
2766 3197 2950 3242 amor

727 3271 1113 3356 spiritualis,
1161 3273 1273 3357 qui
1321 3283 1427 3338 est
1473 3293 1666 3338 amor
1710 3271 1907 3353 αᾶιις
1962 3295 2041 3338 ac
2090 3295 2211 3356 per
2251 3273 2581 3338 “sinum''
2618 3285 2691 3338 et
2739 3279 2947 3356 “pec-

726 3367 884 3431 tus”
931 3367 1207 3431 Domini
1261 3369 1404 3449 ipse
1452 3367 1736 3432 Divinus
1782 3367 2048 3447 Amor;
2109 3389 2315 3452 quare
2370 3368 2465 3432 illi
2519 3371 2585 3431 in
2641 3367 2833 3432 caelo
2882 3369 2945 3430 in

726 3462 1074 3544 provincia
1120 3459 1412 3544 pectoris
1458 3472 1618 3525 sunt
1664 3463 1778 3546 qui
1828 3463 1895 3525 in
1941 3482 2171 3526 amore
2218 3462 2547 3545 spirituali
2594 3473 2768 3525 sunt.
2855 3461 2945 3523 Et

723 3557 880 3620 ideo
916 3577 1182 3640 quoque
1217 3556 1567 3638 Johannes
1604 3559 1874 3638 accepit
1913 3566 2200 3621 matrem
2239 3556 2515 3620 Domini
2562 3558 2629 3619 in
2675 3558 2941 3620 domum

724 3671 937 3726 suam,
978 3661 1049 3714 et
1089 3652 1340 3714 mansit
1377 3669 1532 3714 cum
1569 3649 1709 3726 illa,
1748 3651 1833 3713 de
1871 3670 2004 3732 qua
2039 3671 2110 3713 re
2148 3651 2246 3713 ita
2282 3651 2461 3733 apud
2498 3650 2893 3724 Johannem,

830 3793 989 3859 Jesus
1025 3808 1056 3842 e
1095 3807 1248 3842 cruce
1286 3793 1464 3843 “vidit
1498 3802 1727 3843 matrem
1762 3802 1816 3842 et
1849 3792 2167 3856 discipulum
2202 3801 2485 3851 astantem,
2520 3807 2676 3856 quem
2710 3793 2945 3846 amabat:

981 3860 1110 3908 dicit
1143 3859 1298 3908 matri
1335 3873 1480 3916 suae,
1520 3857 1716 3908 Mulier
1749 3873 1869 3907 ecce
1911 3857 2051 3907 filius
2086 3869 2240 3913 tuus:
2286 3857 2479 3907 deinde
2521 3857 2647 3906 dicit
2678 3857 2944 3919 discipu10‚

985 3923 1119 3973 Ecce
1144 3935 1315 3972 mater
1340 3933 1430 3973 tua
1453 3938 1464 3982 ;
1500 3938 1665 3988 quare
1688 3925 1757 3972 ab
1784 3925 1888 3972 ista
1914 3924 2049 3972 hora
2072 3923 2275 3987 accepit
2298 3937 2417 3972 eam
2441 3923 2729 3986 discipulus
2752 3923 2805 3970 in
2830 3935 2945 3984 pro·

982 3991 1100 4052 pria
1113 3988 1142 4008 ”
1166 3988 1292 4051 (xix.
1319 3989 1396 4048 26,
1425 3992 1508 4050 27)
1527 4005 1538 4038 :

720 4141 839 4204 per
876 4118 1047 4184 haec
1087 4119 1600 4203 significabatur
1630 4119 1813 4203 quod
1845 4117 2138 4183 ecclesia
2174 4120 2264 4183 sit
2303 4121 2413 4183 ubi
2446 4121 2738 4184 charitas
2768 4114 2938 4190 actu,

719 4236 838 4278 seu
883 4215 995 4277 ubi
1040 4216 1222 4278 bona
1259 4235 1506 4297 opera;
1562 4235 1684 4298 per
1724 4221 2074 4278 “matrem
2090 4215 2121 4239 '’
2159 4217 2341 4278 enim
2380 4213 2676 4288 Domini,
2716 4223 2783 4278 et
2824 4231 2941 4294 per

722 4308 1192 4396 “mulierem,”
1253 4308 1675 4392 significatur
1738 4308 2068 4388 ecclesia;
2145 4318 2217 4373 et
2284 4329 2402 4391 per
2465 4304 2939 4390 “Johannem”

717 4400 1020 4464 charitas
1052 4399 1232 4475 actu,
1269 4421 1444 4482 quae
1483 4412 1646 4464 sunt
1688 4402 1873 4464 bona
1909 4421 2119 4482 opera
2150 4421 2165 4478 ;
2220 4417 2375 4476 (quod
2394 4430 2483 4476 per
2504 4412 2532 4431 ⁸·
2548 4415 2783 4462 φῆσαι·-
2802 4413 2939 4471 signi-

715 4495 884 4542 ficetur
901 4497 1118 4550 ecclesia,
1133 4497 1352 4542 videatur
1363 4497 1412 4542 in
1430 4497 1641 4543 Arcanis
1664 4495 1956 4550 Caelestibus,
1976 4511 2022 4542 n.
2039 4499 2143 4554 289,
2159 4497 2293 4555 2691,
2308 4509 2444 4554 2717,
2460 4509 2595 4556 3703,
2608 4507 2738 4554 4257,
2752 4489 2933 4550 1¹15581.

715 4577 862 4634 8897:
897 4578 1033 4634 quod
1060 4590 1146 4634 per
1167 4571 1195 4590 ‘¹
1213 4575 1510 4630 mulierem‚”
1534 4577 1763 4629 similiter,
1784 4589 1945 4634 supra,
1972 4589 2022 4622 n.
2058 4573 2197 4641 555,
2226 4573 2371 4640 707,
2400 4574 2439 4640 7
2446 4577 2480 4623 2
2497 4575 2623 4636 1[a].
2650 4570 2884 4640 73Ο[ε,ὖ]
2900 4573 2933 4628 τ)

714 4652 894 4736 quod
933 4651 1224 4717 ecclesia
1263 4651 1538 4716 Domini
1583 4653 1673 4716 sit
1718 4649 1897 4736 apud
1944 4651 2101 4716 illos
2147 4653 2259 4734 qui
2306 4653 2374 4715 in
2420 4651 2751 4716 charitate
2780 4643 2931 4711 actu
