3259 5384
617 679 656 728 2
662 679 790 746 304
1245 679 1743 732 APOCALYPSIS
1786 677 2265 730 EXPLICATA..

613 863 832 910 videntur
848 863 992 910 etiam
1013 877 1173 924 supra,
1192 877 1240 912 n.
1257 864 1509 928 443ta1-)
1593 847 1801 930 Quod
1834 856 1977 912 tres
2006 847 2105 912 illi
2136 846 2441 931 apostoli
2469 846 2853 930 piscatores

613 941 884 1020 suerint,
911 953 984 1008 et
1009 944 1191 1027 quod
1219 943 1477 1009 dictum
1501 947 1589 1009 sit
1622 945 1779 1020 illis,
1811 950 1850 977 “
1869 943 2125 1010 Venite
2151 953 2308 1028 post
2342 943 2478 1019 Me,
2508 953 2581 1008 et
2612 941 2853 1008 faciam

614 1058 738 1100 vos
792 1039 1169 1120 piscatores
1230 1039 1602 1113 hominum,
1667 1048 1817 1102 erat
1884 1040 2040 1122 quia
2102 1045 2141 1075 ‘⁴
2159 1039 2403 1121 piscari
2422 1037 2453 1062 ’⁹
2514 1035 2853 1120 significat

612 1132 948 1196 instruere
987 1133 1332 1198 naturales
1370 1134 1683 1198 homines
1712 1155 1729 1213 ;
1776 1143 1973 1198 erant
2012 1133 2193 1198 enim
2237 1153 2321 1197 eo
2358 1141 2671 1214 tempore
2710 1141 2854 1196 tam

613 1225 794 1290 intra
830 1226 1213 1302 ecclesiam,
1249 1247 1451 1310 quarn
1491 1237 1696 1291 extra
1734 1227 1945 1304 illam,
1980 1226 2327 1292 naturales
2366 1225 2703 1302 homineS,
2743 1226 2856 1309 qui

617 1321 792 1384 sicut
839 1331 1243 1403 receperunt
1293 1321 1685 1397 Dominum,
1734 1331 1805 1386 et
1861 1331 2266 1405 receperunt
2314 1341 2475 1386 vera
2527 1321 2616 1385 ab
2672 1320 2855 1403 Ipse,

613 1413 770 1480 facti
801 1426 961 1480 sunt
993 1416 1398 1498 spirituales.
1478 1416 1592 1482 Ex
1630 1417 1737 1480 his
1768 1416 2085 1482 concludi
2124 1426 2359 1499 potest
2396 1415 2559 1500 quid
2598 1413 2855 1498 signifi-

613 1519 776 1573 cant
815 1509 986 1574 haec
1023 1530 1197 1593 quae
1234 1531 1274 1574 a
1318 1511 1614 1574 Domino
1653 1511 1739 1573 ad
1786 1511 2059 1575 Petrum
2096 1512 2184 1575 de
2224 1509 2587 1575 “clavibus
2606 1509 2636 1535 '’
2672 1505 2857 1572 dieta

614 1612 816 1683 sunt;
861 1624 1036 1688 quae
1072 1605 1172 1668 ita
1208 1604 1529 1687 leguntur
1565 1605 1747 1688 apud
1782 1603 2231 1682 Matthaeum,'

715 1737 854 1788 Cum
880 1739 1132 1788 dixerunt
1149 1737 1363 1802 quidam
1393 1737 1578 1804 Jesum
1604 1753 1727 1788 esse
1749 1737 2055 1803 Johannem
2085 1737 2401 1802 Baptistam,
2420 1738 2513 1788 alii
2540 1737 2733 1796 Eliam,
2750 1737 2859 1796 alii,

875 1803 1184 1868 jeremiam,
1199 1805 1286 1853 vel
1305 1804 1468 1853 alium
1481 1805 1881 1868 prophetarum,
1896 1804 2033 1854 dixit
2082 1819 2207 1854 esus
2222 1803 2513 1868 discipuli&
2535 1807 2567 1827 ‘⁸
2580 1804 2693 1854 Vos
2712 1817 2857 1862 vero,

878 1868 1005 1982 guid
1047 1867 1138 1917 Me
1163 1868 1368 1946 ‘dicitis’
1388 1884 1509 1918 esse
1523 1871 1562 1946 P·
1601 1869 1985 1946 Respo-ndens.
2007 1908 2018 1918 .
2071 1869 2218 1918 imon
2260 1868 2467 1928 PetruS,
2496 1869 2649 1948 dixit,
2676 1867 2762 1918 Tu
2798 1881 2857 1917 es

924 1934 1140 1993 hristus,
1161 1935 1251 1983 ille
1273 1933 1437 1983 Filius
1465 1933 1565 1983 Dei
1583 1943 1846 1984 viventis:
1882 1944 1938 1984 et
1962 1935 2295 1997 respondens
2310 1933 2469 2000 Jesus
2492 1935 2649 1983 dixit.
2670 1971 2707 1990 .,
2727 1932 2860 1982 Bea-

880 2008 968 2048 tus
991 2013 1067 2060 es,
1088 2000 1273 2050 Simon
1297 1999 1374 2048 fili
1395 1999 1584 2064 Jonae,
1603 1999 1729 2062 quia
1750 2013 1877 2050 caro
1900 2010 1956 2050 et
1976 2000 2199 2062 sanguis
2216 2013 2327 2050 non
2352 2000 2610 2050 revelavit
2633 1999 2745 2058 tibi,
2764 1999 2860 2048 sed

882 2063 1040 2113 Pater
1064 2079 1216 2114 meus
1239 2065 1330 2128 qui
1358 2075 1441 2114 est
1469 2066 1524 2114 in
1553 2065 1744 2114 caelis:
1783 2065 1909 2128 quin
1937 2065 2103 2114 immo
2128 2079 2255 2114 vero
2280 2064 2375 2114 tibi
2404 2064 2539 2124 dico,
2565 2064 2650 2114 Tu
2676 2079 2737 2114 es
2764 2063 2859 2112 Pe-

879 2139 1008 2188 trus,
1037 2139 1091 2178 et
1125 2143 1286 2191 super
1311 2130 1451 2179 hanc
1485 2139 1691 2192 petram
1726 2130 2018 2178 aedifioebo
2053 2129 2330 2180 ecclesiam
2366 2143 2560 2188 meam,
2584 2137 2639 2178 et
2672 2139 2859 2191 portae

877 2194 1074 2244 inferni
1099 2209 1212 2244 non
1241 2196 1626 2258 praevalebunt
1653 2195 1759 2245 illi:
1800 2203 1855 2244 et
1880 2197 2021 2246 dabo
2048 2195 2146 2244 tibi
2168 2196 2348 2246 claves
2376 2195 2530 2258 regni
2556 2195 2859 2252 meletium

881 2269 937 2311 et
959 2259 1207 2324 quicquid
1232 2261 1481 2323 ligaveris
1506 2261 1560 2309 in
1582 2270 1740 2320 terra,
1761 2261 1864 2310 erit
1884 2261 2109 2322 ligatum
2133 2261 2191 2310 in
2206 2260 2386 2320 caelis,
2404 2271 2460 2310 et
2483 2260 2732 2324 quicquid
2756 2259 2860 2310 sol·

879 2324 1022 2374 veris
1047 2324 1101 2373 in
1127 2335 1283 2385 terra,
1308 2326 1409 2374 erit
1433 2326 1667 2374 solutum
1692 2326 1747 2374 in
1774 2327 1935 2375 caelis
1949 2325 1980 2345 ”
2003 2325 2129 2387 (xvi.
2158 2325 2358 2389 14-19).

621 2445 964 2530 Quoniam
1016 2467 1252 2512 verum
1306 2469 1398 2512 ex
1453 2449 1658 2522 bono,
1706 2450 1889 2533 quod
1936 2469 1977 2513 a
2033 2449 2357 2525 Domino,
2405 2457 2515 2513 est
2569 2449 2856 2531 primum

618 2541 972 2618 ecclesiae,
1012 2552 1084 2607 et
1131 2542 1297 2607 illud
1335 2564 1455 2627 per
1497 2544 1829 2607 “Petrum
1852 2544 1883 2569 ’'
1920 2543 2452 2626 significabatur,
2493 2544 2650 2610 ideo
2686 2542 2855 2608 haec

621 2655 662 2699 a
700 2635 1000 2700 Domino
1032 2634 1216 2700 di&a
1247 2647 1407 2701 sunt
1445 2637 1531 2700 ad
1572 2638 1869 2714 Petrum,
1907 2649 1978 2702 et
2017 2649 2179 2702 tunc
2216 2635 2400 2702 dieta
2430 2638 2705 2720 quando
2743 2638 2856 2702 ille

622 2731 908 2811 agnovit
943 2729 1314 2795 Dominum
1345 2751 1468 2814 pro
1501 2732 1755 2795 Messia
1788 2732 2231 2822 seulChristQ
2256 2743 2331 2796 et
2363 2753 2489 2815 pro
2522 2732 2697 2796 Filio
2731 2732 2859 2796 Dei

621 2825 952 2890 viventis:
1003 2845 1162 2888 nam
1194 2826 1450 2908 absque
1481 2825 1600 2890 illa
1630 2828 1983 2909 agnitione
2014 2847 2247 2892 verum
2280 2847 2417 2892 non
2456 2837 2563 2890 est
2599 2845 2857 2902 verum,

623 2939 781 2984 narn
834 2941 1067 2985 verum
1121 2941 1310 2985 suam
1365 2923 1721 3003 originem,
1768 2923 2141 2987 essentiam
2193 2931 2266 2988 et
2319 2923 2533 2987 vitam
2576 2921 2769 2986 ducit
2818 2941 2861 2986 a

619 3015 823 3089 bone,
857 3034 937 3078 ac
971 3016 1223 3078 bonurn
1261 3037 1303 3078 a
1335 3015 1653 3080 Domino,
1738 3014 2079 3097 Quoniam
2104 3036 2340 3081 verum
2372 3037 2415 3080 a
2444 3017 2649 3092 bone,
2676 3015 2859 3100 quod

619 3129 662 3172 a
685 3108 1007 3184 Domin0,
1031 3120 1136 3174 est
1163 3110 1450 3192 primum
1475 3110 1827 3186 ecclesiae,
1850 3110 2005 3174 ideo
2028 3111 2193 3175 dicit
2218 3111 2626 3187 Dominu5,“
2645 3109 2861 3192 Super

621 3203 798 3267 hanc
837 3213 1104 3286 petram
1141 3203 1514 3268 aedificabo
1551 3202 1914 3268 ecclesiam
1952 3205 2252 3270 meam:'’
2296 3207 2479 3290 quod
2516 3225 2636 3288 per
2676 3206 2859 3270 “Pe-

622 3308 800 3363 trum
816 3297 849 3323 '⁹
867 3317 986 3361 seu
1017 3303 1056 3330 ‘⁴
1077 3298 1346 3362 Petram
1364 3298 1394 3322 ”
1419 3300 1486 3362 in
1517 3317 1836 3381 supremo
1861 3319 2063 3362 sensu
2086 3300 2506 3382 significetur
2538 3300 2867 3380 Divinum·

621 3391 880 3457 Verum
913 3393 1293 3477 procedens
1325 3413 1365 3456 a
1397 3391 1721 3468 Domin0,
1754 3403 1825 3456 et
1862 3394 1931 3456 in
1968 3413 2171 3459 sensu
2207 3393 2588 3478 respectivo
2627 3415 2859 3460 verum

621 3507 662 3550 a
720 3486 925 3563 bon0,
972 3487 1154 3570 quod
1209 3507 1250 3550 a
1308 3486 1631 3563 Domine,
1680 3507 1847 3550 mox
1892 3508 2095 3570 supra
2152 3487 2408 3554 dietum
2458 3501 2611 3554 est:
2675 3491 2860 3574 quod

623 3591 863 3662 portae
900 3578 1139 3645 inferni
1177 3599 1314 3644 non
1353 3580 1851 3662 praevaliturae
1888 3583 2045 3657 sint,
2086 3583 2427 3666 significat
2464 3585 2647 3669 quod
2691 3586 2863 3650 salsa

623 3695 714 3738 ex
762 3673 966 3751 malo,
1007 3695 1180 3758 quae
1225 3695 1316 3738 ex
1361 3675 1657 3748 inferniS,
1706 3695 1843 3738 non
1890 3676 2160 3741 hiscent
2204 3699 2574 3762 exsurgere
2620 3689 2863 3744 contra

623 3769 780 3833 illos
816 3769 928 3852 qui
965 3770 1055 3832 ab
1090 3767 1382 3833 ecclesia
1417 3770 1482 3832 in
1522 3770 1699 3832 veris
1736 3789 1827 3832 ex
1872 3771 2055 3835 bono
2086 3791 2128 3834 a
2166 3771 2467 3837 Domino
2502 3785 2701 3838 sunt;
2742 3795 2861 3859 per

627 3871 920 3946 “portas
945 3863 1183 3927 inferni
1199 3862 1230 3888 ‘'
1255 3861 1722 3946 significantur
1746 3865 1975 3928 omnia
1997 3866 2257 3942 inferni,
2282 3869 2523 3950 quibus
2547 3871 2861 3933 omnibus

624 3967 783 4022 sunt
829 3967 1092 4040 portae,
1133 3977 1252 4040 per
1289 3977 1456 4040 quas
1493 3957 1664 4021 salsa
1696 3978 1786 4020 ex
1821 3959 2003 4025 malo
2040 3960 2460 4027 exhalantur
2502 3973 2575 4026 et
2618 3983 2859 4026 exsur-

624 4061 840 4134 gunt:
903 4071 1022 4135 per
1070 4049 1356 4116 “claves
1410 4051 1755 4116 caelorum
1777 4055 1806 4079 ’¹
1852 4053 2272 4136 significatur
2322 4057 2745 4120 intromissio
2796 4058 2860 4120 in

623 4146 889 4210 caelum
920 4145 1232 4208 omnibus
1265 4145 1396 4209 illis
1433 4147 1544 4228 qui
1583 4148 1653 4210 in
1690 4150 1865 4212 veris
1898 4170 1989 4212 ex
2027 4149 2211 4213 bono
2247 4169 2289 4214 a
2328 4149 2628 4214 Domino
2658 4161 2857 4216 sunt:

627 4239 1000 4324 “quicquid
1033 4239 1350 4321 ligaveris
1386 4241 1454 4302 in
1492 4252 1675 4304 terra
1701 4244 1832 4308 erit
1873 4242 2163 4324 ligatum
2200 4243 2269 4308 in
2301 4243 2529 4320 caeliS,
2563 4255 2634 4309 et
2672 4247 2859 4328 quic-

623 4334 783 4417 quid
808 4333 1090 4397 solveris
1122 4335 1188 4396 in
1223 4342 1404 4397 terra
1429 4337 1555 4398 erit
1583 4335 1885 4400 solutum
1916 4339 1985 4400 in
2018 4336 2287 4414 caelis,''
2311 4337 2653 4421 significat
2678 4340 2859 4422 quod

623 4449 664 4492 a
708 4427 1010 4492 Domino
1046 4427 1312 4492 caelum
1349 4431 1691 4510 aperiatur
1736 4431 1869 4494 illis
1915 4432 2027 4514 qui
2074 4433 2141 4495 in
2186 4432 2363 4496 veris
2408 4453 2499 4497 ex
2544 4434 2728 4498 bono
2773 4434 2859 4498 ab

624 4523 785 4604 Ipso
831 4531 1011 4598 sunt,
1059 4533 1131 4586 et
1185 4524 1367 4605 quod
1427 4522 1785 4587 claudatur
1838 4523 1971 4588 illis
2026 4527 2139 4608 qui
2198 4546 2336 4592 non
2390 4537 2573 4592 sunt.
2667 4527 2854 4593 Haec

621 4613 803 4681 dieta
839 4627 998 4680 sunt
1039 4616 1128 4680 ad
1175 4616 1471 4692 Petrum,
1511 4618 1635 4680 sed
1672 4620 1829 4701 quia
1864 4639 1985 4702 per
2026 4627 2065 4652 ‘⁸
2089 4621 2365 4686 Petrum
2380 4619 2412 4645 ”
2448 4621 2853 4706 intelligitur
