3259 5384
509 663 668 732 195²
1061 675 1068 686 ‚
1121 657 1624 712 APOCALYPs1s
1672 659 2122 710 EXPLICATA.

495 833 565 896 in
619 831 771 898 luce
817 830 1072 906 mundi,
1121 830 1246 894 nisi
1293 830 1462 894 haec
1509 829 1853 894 illustrata
1900 829 1990 893 sit
2042 830 2132 893 ab
2184 828 2317 893 illa.
2410 828 2539 904 Illi,
2586 829 2743 912 quia

497 924 676 990 tales
727 935 909 1000 sunt,
959 945 1098 988 non
1149 925 1356 988 aliam
1407 925 1623 988 vitam
1676 934 1912 988 amant
1966 943 2169 1006 quam
2226 943 2620 1006 corpoream
2669 934 2741 986 et

497 1021 955 1098 mundanam;
1019 1029 1092 1084 et
1145 1021 1302 1102 quia
1346 1017 1745 1100 voluptates
1790 1028 1862 1082 et
1908 1019 2503 1100 concupiscentiae
2548 1017 2742 1100 hujus

495 1117 680 1180 vitae
729 1115 1032 1179 resident
1091 1115 1160 1177 in
1221 1113 1513 1178 naturali
1569 1113 1868 1186 homine,
1924 1113 2082 1176 inde
2134 1113 2453 1176 interiora
2510 1133 2742 1178 eorum

494 1218 654 1273 sunt
701 1208 921 1281 foeda,
969 1218 1042 1272 et
1089 1209 1312 1272 omnis
1356 1209 1625 1289 generis
1673 1207 1871 1270 malis
1916 1207 2287 1288 obstipam,
2336 1228 2511 1290 quae
2553 1206 2741 1271 clau-

494 1303 668 1369 dunt
705 1321 980 1366 omnem
1018 1304 1198 1366 viam
1245 1323 1367 1384 pro
1405 1301 1662 1365 influxu
1701 1302 1869 1365 lucis
1914 1312 1984 1365 et
2032 1300 2279 1364 caloris
2316 1301 2530 1379 caeli;
2584 1302 2743 1366 inde

494 1408 656 1461 sunt
707 1399 990 1462 interius
1045 1396 1298 1460 diaboli
1353 1407 1426 1461 et
1481 1408 1791 1471 satanae,
1840 1406 2185 1478 utcunque
2230 1406 2607 1478 appareant
2652 1416 2742 1459 ex

495 1492 785 1576 loquelis
831 1513 908 1556 ac
957 1491 1296 1555 simulatis
1332 1492 1643 1573 gestibus
1690 1493 1864 1555 sicut
1903 1491 2289 1574 spirituales
2334 1499 2405 1554 et
2454 1489 2741 1554 Christi·

493 1589 627 1651 ani.
717 1587 927 1650 Tales
973 1607 1110 1650 non
1157 1595 1318 1650 sunt
1365 1586 1492 1649 nisi
1537 1605 1741 1668 quam
1788 1585 2179 1662 sensuales3
2236 1605 2395 1648 nam
2440 1586 2743 1648 exterius

496 1680 680 1764 loqui
717 1692 1003 1763 possunt
1052 1682 1139 1746 de
1184 1677 1438 1744 sanctis
1475 1681 1831 1756 ecclesiae,
1872 1690 1943 1744 et
1990 1680 2273 1744 interius
2320 1701 2527 1762 usque
2575 1679 2741 1743 nihil

493 1775 823 1852 credunt3
879 1785 950 1840 et
997 1777 1109 1858 qui
1148 1784 1394 1856 putant
1435 1795 1508 1838 se
1545 1774 1846 1849 credere,
1884 1784 1991 1838 est
2031 1774 2429 1838 historicum
2466 1784 2539 1838 et
2584 1773 2743 1838 inde

495 1869 962 1952 persuasivum
1006 1889 1098 1932 ex
1145 1870 1480 1949 magistro
1525 1877 1645 1932 aut
1690 1889 1783 1932 ex
1830 1869 2101 1951 propria
2144 1869 2629 1952 intelligentia,
2674 1871 2743 1932 in

497 1985 572 2028 se
624 1964 889 2039 salsum,
938 1963 1121 2047 quod
1175 1964 1514 2040 creditur;
1576 1964 1683 2027 cui
1736 1973 1971 2028 tamen
2026 1963 2194 2028 fides
2248 1964 2538 2027 habetur
2589 1963 2745 2045 quia

497 2060 779 2138 inservit
820 2079 942 2141 pro
979 2059 1209 2122 medio
1245 2058 1332 2121 ad
1371 2057 1646 2132 famam,
1687 2057 2017 2121 honorem
2056 2068 2127 2122 et
2166 2058 2445 2122 lucrum.
2536 2057 2745 2121 Tales

496 2156 564 2217 in
619 2173 871 2234 genere
924 2162 1084 2216 sunt
1137 2153 1490 2215 dracones.
1583 2149 1758 2216 Sunt
1818 2161 2051 2216 autem
2106 2152 2331 2234 plures
2390 2153 2457 2216 in
2518 2153 2744 2234 specie

495 2249 608 2330 qui
647 2269 766 2331 per
807 2248 1232 2311 “draconem
1247 2245 1280 2271 ’⁹
1315 2245 1827 2327 significantur3
1881 2257 2039 2310 sunt
2078 2248 2259 2310 enim
2298 2249 2412 2330 qui
2447 2247 2743 2312 referunt

496 2341 640 2424 ejus
676 2351 906 2425 caput,
947 2343 1060 2424 qui
1097 2341 1238 2422 ejus
1275 2359 1545 2422 corpuS,
1585 2350 1659 2404 et
1696 2341 1809 2422 qui
1846 2339 1989 2421 ejus
2026 2352 2340 2405 externa.

521 2493 528 2498 .
628 2435 754 2519 (ii.)
819 2435 952 2518 Qui
997 2437 1064 2500 in
1105 2437 1330 2518 specie
1369 2435 1667 2499 referunt
1706 2435 2021 2499 draconis
2060 2445 2268 2517 caput
2312 2445 2471 2498 sunt
2518 2435 2629 2517 qui
2674 2435 2741 2497 in

497 2531 646 2595 sola
682 2530 835 2606 fide,
875 2551 1048 2614 quae
1085 2541 1194 2594 est
1233 2527 1400 2594 fides
1437 2538 1758 2611 separata
1794 2550 1835 2592 a
1870 2530 2231 2604 charitate,
2272 2550 2345 2592 se
2382 2528 2742 2594 confirma-

497 2635 742 2690 verunt
779 2621 1091 2689 doctrina
1127 2633 1199 2690 et
1237 2625 1422 2700 vita;
1469 2623 1653 2706 quod
1691 2623 1789 2686 illi
1826 2632 2033 2705 caput
2072 2623 2386 2686 draconis
2422 2622 2739 2698 reserant,

495 2729 606 2798 est
652 2720 809 2802 quia
855 2719 1155 2802 plerique
1201 2736 1432 2781 eorum
1479 2727 1640 2781 sunt
1686 2717 1953 2793 eruditi,
1994 2727 2066 2782 et
2112 2717 2480 2781 creduntur
2517 2713 2741 2794 do&i;

499 2812 1074 2877 confirmaverunt
1105 2814 1288 2876 enim
1327 2833 1400 2876 se
1437 2812 1620 2894 quod
1661 2831 1780 2894 per
1814 2811 2037 2876 solum
2072 2812 2381 2893 cogitare
2417 2812 2535 2876 illa
2570 2831 2745 2894 quae

497 2907 788 2971 ecclesia
825 2907 1052 2982 docet,
1092 2907 1274 2989 quod
1314 2915 1569 2970 vocant
1607 2906 1907 2982 credere,
1949 2905 2343 2970 salventur:
2398 2907 2521 2970 sed
2558 2907 2743 2970 dice·

498 3012 608 3064 tur
645 3001 866 3084 qualis
910 3011 1018 3064 est
1055 2997 1368 3066 doctrina
1405 3000 1698 3076 illorum,
1738 3011 1810 3063 et
1858 3000 2079 3084 qualis
2124 3011 2232 3064 est
2271 3001 2413 3064 vita
2450 3000 2742 3065 illorum.

500 3093 828 3159 Doctrina
859 3095 1128 3160 illorum
1159 3106 1266 3158 est
1305 3094 1486 3178 quod
1522 3094 1711 3157 Deus
1744 3094 1947 3159 Pater
1977 3096 2235 3158 miserit
2272 3094 2517 3159 Filium
2548 3115 2743 3158 suum

497 3191 587 3252 ab
621 3202 906 3254 aeterno
943 3201 1181 3253 natum
1219 3190 1285 3252 in
1326 3190 1653 3252 mundum
1693 3199 1767 3251 ut
1812 3187 2003 3252 fieret
2040 3189 2272 3265 homo,
2314 3200 2386 3253 ut
2424 3189 2742 3273 impleret

497 3287 727 3348 omnia
781 3283 1010 3366 LegiS,
1067 3294 1372 3366 portaret
1429 3284 1732 3346 omnium
1786 3285 2203 3366 iniquitates,
2258 3303 2337 3347 ac
2392 3293 2743 3366 pateretur

497 3399 810 3457 crucem;
877 3390 949 3442 et
1001 3378 1183 3461 quod
1243 3399 1362 3460 per
1421 3378 1490 3440 id
1546 3378 1735 3441 Deus
1788 3377 1989 3442 Pater
2041 3378 2615 3454 reconciliaretur,
2670 3389 2742 3444 et

497 3483 1047 3555 commoveretur
1101 3471 1583 3547 misericordia,
1638 3481 1711 3535 et
1770 3472 1955 3554 quod
2008 3474 2469 3554 reciperentur
2522 3473 2619 3536 illi
2672 3474 2741 3536 in

498 3569 765 3632 caelum
801 3569 913 3650 qui
959 3568 1026 3630 in
1063 3565 1196 3630 fide
1240 3566 1327 3630 de
1363 3565 1498 3630 illis
1534 3587 1624 3629 ex
1664 3563 1907 3630 fiducia
1942 3578 2199 3642 essent,
2240 3577 2312 3631 et
2349 3567 2531 3649 quod
2570 3565 2739 3630 fidu-

496 3663 603 3726 cia
647 3661 826 3725 illius
872 3659 1026 3724 fidei
1073 3681 1206 3724 una
1251 3680 1407 3723 cum
1444 3660 1745 3724 Domino
1778 3660 2239 3724 intercederet
2284 3670 2357 3724 et
2396 3661 2736 3725 salvaret:

496 3757 780 3843 proinde
832 3755 1013 3838 quod
1065 3754 1186 3818 illa
1236 3754 1404 3819 fides
1456 3756 1660 3818 detur
1704 3756 1939 3836 generi
1986 3753 2286 3818 humano
2332 3765 2653 3836 separato
2698 3775 2741 3818 a

497 3851 651 3916 Deo
699 3850 922 3926 Patre,
972 3859 1046 3913 ut
1091 3850 1390 3913 medium
1436 3849 1849 3931 receptionis
1892 3859 1965 3912 et
2016 3849 2279 3924 salutiS,
2326 3851 2483 3931 quia
2529 3849 2739 3913 homo

495 3955 862 4030 postquam
925 3943 1238 4006 Adamus
1297 3943 1695 4007 comederat
1756 3963 1847 4006 ex
1908 3943 2150 4006 arbore
2208 3941 2537 4006 scientiae
2598 3961 2737 4005 non

496 4041 787 4123 amplius
831 4041 902 4104 in
947 4048 1136 4103 statu
1181 4037 1470 4102 faciendi
1516 4037 1770 4101 bonum
1824 4057 1917 4100 ex
1970 4057 2043 4100 se
2088 4047 2297 4112 esset,
2346 4037 2736 4118 perdiderat

496 4137 682 4200 enim
725 4135 884 4198 inde
935 4153 1090 4197 cum
1135 4134 1433 4215 imagine
1489 4133 1615 4196 Dei
1664 4131 1946 4195 liberum
1992 4132 2345 4194 arbitrium
2370 4153 2387 4210 ;
2448 4131 2742 4214 denique

493 4230 678 4312 quod
738 4225 1127 4310 supradicta
1183 4228 1322 4290 sint
1381 4227 1697 4291 meritum
1754 4225 2053 4300 Domini,
2107 4245 2229 4308 per
2284 4226 2466 4308 quod
2527 4225 2735 4290 homo

496 4325 692 4392 unice
729 4332 964 4405 potest
1003 4321 1269 4386 salvari.
1363 4319 1556 4384 Haec
1604 4329 1763 4384 sunt
1803 4320 2119 4403 primaria
2155 4318 2311 4384 fidei
2355 4321 2535 4402 apud
2580 4319 2738 4384 illos

495 4419 608 4501 qui
641 4419 710 4481 in
743 4415 875 4482 fide
907 4415 1056 4480 sola
1085 4425 1268 4491 sunt,
1295 4414 1520 4498 quoad
1553 4411 1955 4478 doctrinam.
2048 4413 2249 4494 Quod
2285 4433 2489 4478 nemo
2520 4415 2738 4497 possit

493 4535 586 4576 ex
632 4512 862 4595 aliquo
905 4513 1053 4574 visu
1090 4509 1445 4592 spirituali,
1484 4511 1597 4592 qui
1644 4519 1751 4573 est
1789 4505 2203 4583 intellectus,
2243 4510 2603 4592 quicquam
2640 4529 2731 4572 ex

495 4608 628 4686 illis
665 4609 1032 4692 percipere,
1071 4615 1142 4670 et
1180 4605 1274 4670 sic
1312 4604 1612 4680 credere,
1649 4605 1769 4669 sed
1808 4604 2015 4669 modo
2053 4603 2221 4666 talia
2255 4623 2347 4666 ex
2386 4603 2733 4678 memoria,
