3259 5384
964 650 1124 701 CAP.
1162 650 1314 713 xn..
1349 650 1556 701 vans.
1590 652 1813 719 9.—N.
1847 636 2100 721 741[b].
2449 678 2452 681 -
2485 640 2647 702 2081

420 816 539 883 hoc
584 818 1003 902 significatur
1047 842 1164 903 per
1204 822 1546 886 “orbem'’
1580 823 1856 905 quar‘ndo
1902 824 2108 887 etiam
2156 821 2440 886 “terra'’
2485 824 2652 886 dici-

419 924 536 976 tur.
623 913 829 996 Quod
883 935 1003 996 per
1056 916 1414 980 “terram”
1459 917 1524 980 in
1582 916 1818 981 Verbo
1871 917 2288 999 significetur
2341 915 2648 989 ecclesia,

415 1025 612 1087 supra
656 1022 727 1082 (n.
761 1022 903 1086 304.
930 1008 1083 1089 697)
1128 1018 1483 1071 ostensum
1528 1019 1681 1086 est;
1741 1010 1864 1073 sed
1909 1029 2063 1073 cum
2114 1009 2404 1072 “orbis''
2448 1011 2649 1072 simul

414 1098 667 1174 dicitur,
718 1120 839 1181 per
887 1101 1243 1165 “terram'’
1290 1100 1706 1183 significatur
1758 1100 2048 1166 ecclesia
2100 1103 2324 1185 quoad
2377 1122 2648 1165 verum:

414 1202 561 1256 sunt
615 1195 799 1257 enim
852 1194 988 1258 duo
1042 1215 1214 1278 quae
1270 1196 1523 1259 faciunt
1569 1196 1951 1271 ecclesiam,
2001 1216 2246 1279 nempe
2292 1217 2524 1260 verum
2579 1208 2650 1260 et

414 1288 698 1365 bonum;
751 1288 921 1353 haec
967 1289 1105 1354 duo
1142 1289 1606 1371 significantur
1644 1310 1764 1373 per
1804 1290 2162 1355 “terram'’
2198 1300 2270 1355 et
2311 1291 2602 1355 “orbem
2621 1291 2651 1315 ”

412 1383 472 1445 in
507 1383 951 1465 sequentibus
988 1382 1156 1447 locis
1178 1385 1497 1467 2—Apud
1535 1384 1842 1459 Esaiam,

500 1522 747 1572 “Anima
773 1538 897 1573 mea
922 1523 1225 1574 desideravi
1254 1524 1333 1574 Te
1362 1522 1537 1584 noae,
1567 1526 1729 1575 etiam
1759 1526 1950 1588 spiritu
1979 1539 2102 1575 tneo
2129 1524 2186 1575 in
2213 1524 2394 1576 medio
2423 1526 2530 1575 mei
2557 1540 2649 1575 ex-

660 1586 903 1651 spetstavi
928 1590 1007 1639 Te
1031 1604 1206 1646 mane.
1232 1605 1359 1639 nam
1385 1592 1602 1654 quando
1624 1591 1828 1653 judicia
1850 1600 1942 1641 tua
1966 1600 2162 1640 terram
2185 1591 2364 1650 doces,
2383 1590 2646 1653 justitiam

661 1656 880 1704 discunt
904 1656 1233 1705 habitatores
1258 1656 1406 1705 orbis
1424 1656 1453 1676 ”
1478 1653 1695 1717 (mxxvi.
1719 1658 1802 1719 9):

406 1806 519 1867 per
556 1784 941 1851 “n06kem”
972 1786 1388 1869 significatur
1424 1798 1648 1852 status
1686 1788 1960 1871 quando
1997 1808 2135 1852 non
2175 1788 2295 1851 lux
2333 1789 2474 1851 veri
2512 1798 2642 1863 est,

404 1893 471 1945 et
508 1901 628 1963 per
663 1888 922 1947 “mane
937 1882 969 1908 ''
998 1882 1414 1966 significatur
1446 1893 1668 1947 status
1701 1883 1974 1966 quando
2007 1881 2126 1947 lux
2164 1885 2305 1947 veri
2341 1894 2488 1962 est;
2537 1885 2644 1947 hic

402 1986 621 2040 status
658 1988 765 2039 est
803 1998 894 2039 ex
933 1998 1188 2053 amore,
1223 1977 1337 2041 ille
1375 1989 1606 2042 autem
1639 1997 1794 2041 cum
1825 1978 2128 2041 nondum
2163 1998 2354 2041 amor
2374 1999 2391 2055 ;
2438 1999 2645 2061 quare

401 2092 517 2152 per
549 2074 903 2135 “animam
919 2072 950 2097 '’
980 2094 1113 2155 qua
1150 2073 1561 2137 desideravit
1595 2073 1928 2154 Jehovam
1967 2070 2191 2148 noae,
2227 2071 2647 2153 significatur

400 2168 537 2230 vita
590 2188 765 2250 quae
813 2169 1115 2232 nondum
1170 2170 1238 2232 in
1291 2167 1439 2231 luce
1494 2170 1636 2231 veri
1689 2178 1816 2243 est,
1866 2178 1938 2231 et
1993 2185 2111 2249 per
2161 2170 2525 2251 “spiritum
2577 2170 2644 2231 in

402 2262 623 2325 medio
675 2261 865 2342 ejus”
908 2283 1045 2345 quo
1095 2260 1524 2345 exspetstavit
1570 2262 1902 2343 Jehovam
1958 2282 2180 2337 mane,
2228 2261 2647 2343 significatur

398 2357 541 2419 vita
588 2376 762 2442 quae
816 2357 883 2419 in
938 2357 1087 2421 luce
1133 2359 1271 2420 veri
1323 2369 1471 2420 est:
1528 2357 1685 2420 inde
1733 2358 2035 2439 sequitur
2079 2356 2208 2420 hoc
2263 2357 2376 2431 ibi,
2429 2361 2641 2421 “nam

398 2451 669 2531 quando
700 2450 947 2530 judicia
988 2462 1106 2514 tua
1142 2462 1393 2515 terram
1430 2452 1660 2525 doceS‚
1695 2450 2026 2532 justitiam
2064 2452 2336 2514 discunt
2373 2450 2642 2514 habita·

399 2556 578 2607 tores
610 2546 793 2609 orbis
816 2544 869 2623 ;'’
915 2566 1033 2628 per
1071 2567 1241 2628 quae
1273 2544 1692 2628 significatur
1723 2545 1904 2629 quod
1936 2544 2226 2609 ecclesia
2263 2566 2304 2608 a
2343 2545 2642 2609 Domino

394 2640 460 2700 in
497 2640 673 2703 veris
712 2642 821 2713 sit,
862 2650 932 2703 et
979 2661 1099 2722 per
1134 2662 1295 2705 vera
1339 2643 1407 2704 in
1445 2641 1666 2717 bono;
1719 2647 1959 2704 “terra
1975 2640 2004 2665 ”
2040 2638 2378 2722 significat
2417 2639 2642 2703 eccle-

394 2734 561 2796 siam
597 2734 828 2816 quoad
862 2755 1043 2810 vera,
1082 2746 1154 2799 et
1194 2735 1479 2799 “orbis'’
1510 2735 1870 2799 ecclesiam
1902 2734 2126 2817 quoad
2164 2733 2440 2809 bonum,
2476 2753 2634 2796 nam

397 2826 770 2909 “judicium
788 2829 817 2853 ”
842 2830 909 2892 in
941 2828 1177 2893 Verbo
1206 2830 1451 2894 dicitur
1483 2829 1569 2893 de
1602 2849 1786 2903 vero,
1816 2849 1895 2892 ac
1925 2828 2236 2910 “justitia
2253 2828 2281 2853 ”
2314 2829 2399 2891 de
2432 2829 2637 2901 bone,

394 2935 464 2988 et
499 2944 773 3006 quoque
814 2928 853 2956 ‘⁶
875 2924 1299 2987 habitatores
1316 2923 1347 2949 ''
1382 2923 1768 3005 significant
1805 2924 2117 2987 homines
2153 2923 2483 2986 ecclesiae
2527 2924 2640 3004 qui

393 3017 458 3078 in
489 3016 692 3079 bonis
724 3014 1078 3079 doeh-inae
1110 3026 1182 3079 et
1214 3015 1375 3079 inde
1405 3018 1591 3079 vitae
1623 3026 1805 3080 sunt.
1875 3032 2048 3089 (Quod
2067 3027 2454 3091 “judicium'·in
2475 3031 2642 3077 Verbo

394 3106 579 3151 dicatur
597 3106 665 3150 de
680 3116 810 3157 vero.
826 3118 885 3150 ac
902 3108 929 3127 '⁸
936 3106 1117 3163 justitia
1132 3104 1158 3121 '⁹
1177 3106 1241 3150 de
1260 3106 1406 3158 bono.
1424 3106 1642 3151 videatur
1661 3106 1712 3151 in
1729 3104 1940 3151 arcanis
1959 3104 2258 3157 Caemmus.
2277 3118 2324 3151 n.
2343 3114 2478 3161 2235.
2496 3107 2554 3161 98
2559 3116 2641 3160 57:

394 3181 440 3217 et
458 3174 593 3230 quod
615 3178 643 3196 ⁶·
658 3172 912 3218 habitare''
935 3172 1167 3231 significet
1186 3174 1359 3225 vivere.
1383 3180 1429 3218 et
1461 3174 1571 3218 inde
1595 3178 1619 3195 ‘⁴
1637 3174 1926 3218 habitatores
1943 3173 1968 3187 ''
1994 3173 2100 3218 illos
2130 3173 2212 3230 qui
2245 3173 2292 3217 in
2315 3172 2446 3217 bono
2468 3171 2644 3216 dudlri-

392 3260 481 3293 ω
501 3256 550 3293 et
570 3248 691 3293 inde
710 3248 835 3293 vitae
853 3254 981 3301 sunt,
1002 3248 1222 3293 vidntur
1240 3260 1403 3306 supra.
1426 3261 1474 3293 n.
1504 3248 1527 3293 1
1544 3248 1577 3311 3
1588 3248 1641 3311 3.
1663 3248 1810 3311 479.
1831 3230 2003 3307 662.)
2088 3230 2168 3293 In
2219 3229 2532 3304 Threnis,

486 3370 661 3423 “Non
687 3372 1027 3421 crediderunt
1052 3387 1205 3435 reges
1232 3383 1419 3431 terrae,
1445 3386 1637 3421 omnes
1665 3372 1998 3421 habitatores
2027 3370 2189 3430 orbiS,
2216 3371 2358 3434 quod
2381 3380 2642 3421 venturus

656 3447 801 3487 esset
824 3438 1071 3487 inimicus
1094 3448 1149 3487 et
1173 3438 1345 3487 hostis
1370 3439 1425 3487 in
1451 3448 1635 3501 portas
1664 3436 2122 3501 Hierosolymae”
2147 3438 2238 3495 (iv.
2269 3439 2351 3499 12)
2372 3452 2384 3487 :

397 3590 511 3651 per
560 3574 823 3651 “reges
867 3578 1088 3634 terrae
1105 3569 1137 3595 ’⁹
1173 3568 1640 3651 significantur
1681 3568 1993 3633 homines
2040 3568 2368 3633 ecclesiae
2415 3569 2526 3651 qui
2573 3569 2639 3631 in

392 3668 567 3729 veris
598 3676 785 3741 sunt,
811 3676 883 3729 et
915 3686 1034 3747 per
1062 3665 1541 3729 “habitatores
1573 3665 1756 3729 orbis
1771 3664 1800 3687 '⁹
1825 3664 2135 3728 homines
2167 3663 2494 3727 ecclesiae
2527 3664 2640 3746 qui

393 3760 455 3821 in
500 3761 691 3824 bono
737 3770 933 3837 sunt;
996 3760 1177 3843 quod
1221 3760 1523 3841 “reges”
1562 3757 1948 3841 significent
1994 3758 2148 3821 illos
2193 3759 2306 3840 qui
2351 3759 2417 3820 in
2465 3760 2640 3820 veris

390 3864 571 3928 sunt,
610 3852 933 3915 videatur
975 3872 1180 3933 supra
1224 3867 1294 3925 (n.
1328 3867 1424 3930 31.
1460 3864 1597 3932 553,
1626 3851 1821 3932 625);
1881 3860 1953 3914 et
1997 3850 2182 3932 quod
2226 3849 2638 3913 “habitato-

394 3944 540 4006 res”
572 3943 963 4025 significent
996 3944 1148 4007 illos
1180 3945 1292 4026 qui
1324 3946 1390 4006 in
1423 3942 1605 4007 bono
1640 3953 1820 4017 sunt,
1855 3963 2020 4013 mox
2055 3962 2256 4024 supra
2287 3951 2640 4005 ostensum

394 4049 541 4117 est;
600 4040 762 4103 inde
809 4049 1001 4120 patet
1047 4040 1229 4122 quod
1280 4038 1563 4102 “terra''
1608 4037 1944 4119 significet
2003 4037 2360 4101 ecclesiam
2415 4037 2639 4118 quoad

394 4152 571 4209 vera,
614 4142 689 4196 et
730 4139 770 4165 ‘⁴
794 4134 974 4197 orbis
990 4133 1020 4158 ’³
1056 4133 1415 4197 ecclesiam
1452 4132 1677 4214 quoad
1723 4132 2018 4195 bonum:
2073 4141 2146 4195 et
2182 4133 2338 4214 quia
2373 4151 2416 4194 a
2460 4131 2641 4193 falsis

394 4237 463 4290 et
498 4228 703 4291 malis
739 4224 1087 4291 destru&a
1130 4236 1289 4290 sunt
1336 4228 1564 4291 omnia
1608 4223 1960 4289 dostrinae
2005 4225 2358 4301 ecclesiae,
2398 4225 2642 4289 dicitur

396 4323 573 4402 quod
634 4326 833 4384 “non
885 4321 1295 4385 crediderint
1349 4322 1531 4403 quod
1586 4332 1914 4384 venturus
1969 4329 2154 4394 esset
2207 4321 2516 4384 inimicus
2568 4331 2640 4383 et

394 4414 609 4481 hostis
648 4415 716 4479 in
754 4424 987 4496 portas
1021 4414 1539 4497 Hierosolymae
1565 4414 1616 4492 ;”
1659 4416 2022 4477 “inimicus
2037 4414 2067 4439 ”
2097 4412 2436 4496 significat
2475 4412 2642 4477 falsa

394 4527 561 4591 quae
610 4510 1102 4573 destruxerunt
1154 4530 1315 4573 vera
1368 4509 1720 4584 ecclesiae,
1767 4529 1941 4591 quae
1993 4508 2470 4590 intelliguntur
2521 4524 2676 4588 per*

397 4607 648 4688 “reges
685 4603 967 4681 terrae,”
1002 4624 1082 4669 ae
1118 4603 1438 4697 “hostis’'
1471 4600 1809 4687 significat
1843 4601 2023 4667 mala
2060 4623 2231 4686 quae
2272 4602 2636 4666 destruxe-
