3259 5384
859 675 1024 732 οᾼΡ.
1058 675 1209 737 x11.,
1243 675 1450 727 VERS.
1482 664 1707 727 6.-—-N.
1739 666 1991 747 73o[a].
2370 681 2533 749 ²0²5

273 861 442 908 vera
485 843 636 908 sint
685 843 804 911 ubi
847 863 986 908 non
1033 843 1323 908 bonum:
1372 864 1492 926 per
1527 843 1783 908 bonum
1828 845 2237 928 intelligitur
2282 845 2540 912 bonum

279 938 466 1002 vitae
504 937 894 1005 secundum
930 958 1094 1002 vera
1127 935 1476 1002 doetrinae
1513 959 1604 1002 ex
1646 937 1921 1017 Verb03
1968 959 2175 1004 causa
2211 951 2341 1016 est,
2381 944 2538 1024 quia

286 1029 628 1094 Dominus
656 1050 991 1114 nusquam
1015 1032 1412 1096 immediate
1433 1031 1651 1096 influit
1677 1033 1745 1094 in
1770 1053 1933 1098 vera
1956 1034 2139 1115 apud
2162 1034 2535 1110 hominem,

291 1125 410 1190 sed
447 1125 757 1190 mediate
785 1145 914 1206 per
952 1126 1203 1188 bonum
1234 1124 1418 1205 ejus;
1465 1125 1721 1189 bonum
1758 1126 2356 1200 enimvoluntatis
2392 1128 2537 1209 ejus

291 1227 422 1293 est,
463 1228 537 1284 et
585 1218 911 1285 voluntas
955 1229 1064 1283 est
1109 1219 1256 1301 ipse
1301 1217 1552 1297 homo;
1599 1239 1693 1282 ex
1736 1218 2100 1284 voluntate
2146 1223 2539 1302 producitur

291 1322 362 1378 et
388 1312 722 1378 formatur
743 1310 1158 1390 intellectus,
1179 1331 1340 1378 nam
1365 1311 1759 1378 'mtellefitus
1776 1311 2137 1394 adjunctus
2162 1324 2268 1378 est
2293 1315 2537 1386 volun·

292 1409 448 1486 tati,
490 1417 564 1471 ut
602 1407 788 1490 quod
825 1407 1148 1473 voluntas
1192 1416 1381 1471 amat
1427 1403 1819 1473 intellectus
1864 1407 2119 1484 videat,
2158 1417 2231 1472 et
2269 1428 2539 1492 quoque

292 1501 591 1583 proferat
631 1503 702 1566 in
737 1500 1000 1579 lucem;
1047 1522 1254 1583 quare
1291 1501 1346 1564 si
1385 1500 1705 1564 voluntas
1744 1520 1881 1564 non
1918 1502 1987 1564 in
2024 1502 2208 1566 bono
2244 1513 2374 1579 est,
2414 1504 2539 1566 sed

291 1597 360 1658 in
401 1594 608 1671 malo,
648 1605 813 1660 tunc
837 1594 1151 1662 ,influxus
1195 1595 1338 1660 veri
1380 1614 1424 1659 >a
1468 1594 1771 1658 Domino
1814 1596 1882 1658 in
1929 1593 2359 1660 intellectum
2398 1617 2537 1661 non

293 1689 644 1766 conducit,
683 1709 844 1753 nam
880 1689 1268 1771 dissipatur,
1303 1690 1460 1772 quia
1504 1708 1642 1752 non
1687 1699 1979 1764 amatur.
2016 1690 2227 1754 immo
2263 1711 2537 1772 perver-

293 1783 486 1860 titur,
520 1793 592 1848 et
624 1803 858 1848 verum
894 1782 1330 1860 falsificatum
1375 1803 1466 1847 ex
1505 1803 1590 1847 eo
1635 1792 1829 1864 patet
1868 1802 1987 1846 cur
2024 1783 2361 1851 Dominus
2398 1805 2537 1849 non

291 1878 693 1942 immediate
744 1877 988 1942 influat·
1043 1873 1592 1940 inintelleftum
1652 1877 1970 1952 hominia,
2024 1879 2151 1941 nisi
2204 1889 2536 1960 quantum

291 1971 622 2036 voluntas
663 1973 734 2036 in
778 1973 962 2036 bono
990 1981 1121 2034 est.
1213 1971 1452 2035 Potest
1499 1971 1837 2035 Dominus
1882 1969 2311 2036 intelle&um
2354 1973 2537 2056 apud

293 2066 818 2149 unumquemvis
854 2064 1202 2128 hominem
1241 2064 1603 2139 illustrare,
1638 2074 1711 2144 et
1745 2065 1839 2128 sic
1872 2084 2027 2128 cum
2066 2065 2331 2131 Divinis
2360 2068 2539 2132 veris

292 2159 594 2236 influere,
622 2158 1152 2242 quoniam-omni
1175 2159 1435 2222 homini
1459 2159 1627 2222 data
1648 2168 1758 2222 est
1789 2158 2079 2224 facultas
2105 2159 2538 2242 intelligendi

293 2273 533 2318 verum
570 2263 643 2319 et
679 2254 813 2318 hoc
854 2263 1134 2336 propter
1169 2252 1725 2317 reformationem
1764 2251 1945 2334 ejus3
1992 2255 2113 2316 sed
2153 2274 2363 2336 usque
2400 2274 2539 2318 non

293 2349 538 2426 influit,
577 2350 896 2432 quoniam
943 2367 1082 2412 non
1128 2357 1412 2411 manent
1457 2348 1809 2422 vera‚'nisi
1848 2357 2179 2429 quantum
2216 2347 2539 2414 voluntas

293 2444 667 2507 reformata
692 2452 820 2506 est.
911 2441 1263 2505 Illustrare
1289 2437 1717 2504 intellectum
1741 2442 1917 2504 veris
1949 2462 2160 2524 usque
2190 2443 2278 2532 ad
2310 2442 2536 2520 fidem,

295 2540 426 2602 nisi
457 2549 792 2622 quantum
822 2536 1144 2600 voluntas
1183 2555 1388 2600 unum
1425 2537 1594 2617 agit,
1629 2537 1841 2599 etiam
1887 2537 2340 2618 periculosum
2387 2549 2536 2616 est,
2522 2560 2535 2575 ·

295 2641 535 2715 potest
569 2633 747 2695 enim
781 2631 991 2694 homo
1021 2641 1185 2694 tunc
1217 2650 1380 2694 vera
1410 2638 1823 2713 pervertere,
1856 2628 2244 2696 adulterare
2275 2642 2348 2696 et
2380 2653 2537 2715 pro·

293 2727 551 2802 sanare,
586 2726 769 2808 quod
801 2725 1395 2788 damnosissimum
1427 2733 1574 2788 est:
1624 2734 1979 2806 praeterea
2010 2745 2171 2788 vera
2202 2736 2539 2824 quatenus

295 2823 606 2883 sciuntur
650 2829 722 2884 et
765 2819 1266 2901 intelliguntur,
1299 2827 1372 2882 et
1405 2837 1542 2880 non
1589 2816 1789 2880 simul
1820 2819 2161 2894 Vivuntur,
2196 2839 2333 2882 non
2378 2807 2538 2886 sun't

296 2916 428 2978 nisi
472 2933 680 2997 quam
721 2933 886 2978 vera
917 2914 1342 2992 inanimata;
1389 2931 1470 2976 ac
1516 2932 1679 2975 vera
1722 2912 2099 2976 inanimata
2142 2923 2302 2978 sunt
2348 2917 2541 2997 quasi

295 3021 578 3074 statuae
613 3029 788 3092 quae
829 3009 1089 3090 absque
1135 3009 1300 3072 vita.
1396 3007 1510 3070 Ex
1555 3007 1663 3070 his
1704 3016 2025 3071 constare
2062 3018 2318 3090 potest,
2360 3009 2542 3073 unde

297 3115 430 3180 est,
461 3103 648 3186 quod
680 3121 822 3166 non
849 3123 1010 3166 vera
1039 3103 1178 3165 sint
1211 3103 1323 3164 ubi
1355 3121 1492 3165 non
1525 3101 1803 3176 bonum,·
1838 3103 1965 3164 nisi
1994 3103 2221 3184 quoad
2252 3102 2541 3166 formam

297 3208 371 3262 et
405 3217 546 3262 non
569 3198 794 3280 quoad
827 3196 1222 3262 essentiam.·
1312 3195 1516 3278 Quod
1548 3196 1709 3260 talis
1741 3198 1831 3260 sit
1862 3196 2075 3260 homo
2109 3197 2439 3260 ecclesiae
2471 3199 2540 3260 in

299 3291 436 3356 fine
479 3293 646 3374 ejus,
686 3301 794 3355 est
825 3293 983 3375 quia
1026 3301 1190 3355 tunc
1237 3310 1440 3372 super
1470 3292 1700 3354 omnia
1744 3300 1934 3354 amat
1981 3291 2148 3354 talia
2174 3311 2352 3373 quae
2388 3311 2540 3356 cor·

299 3388 486 3470 poris
515 3397 588 3451 et
613 3405 787 3469 quae
813 3387 1044 3449 mundi
1076 3395 1277 3464 sunt;
1325 3395 1397 3449 et
1427 3403 1583 3448 cum
1616 3385 1787 3450 haee
1806 3405 2019 3468 super
2044 3388 2273 3449 omnia
2303 3405 2541 3450 aman-

299 3492 434 3554 tur,
460 3491 626 3545 tunc
657 3480 778 3544 illa
807 3500 980 3563 quae
1013 3480 1290 3544 Domini
1319 3489 1393 3544 et
1418 3499 1591 3562 quae
1623 3479 1795 3542 caeli
1828 3489 2011 3554 sunt,
2036 3499 2177 3542 non
2201 3489 2538 3557 amantur,

303 3595 510 3640 nemo
539 3578 720 3640 enim
745 3576 943 3640 simul
975 3578 1226 3640 servire
1252 3585 1486 3658 potest
1520 3575 1785 3638 duobus
1808 3576 2125 3649 dominis„
2148 3577 2307 3658 quin
2334 3595 2541 3639 unum

299 3683 514 3748 amet,
563 3682 635 3736 et
681 3671 974 3736 alterum
1019 3673 1178 3736 odio
1223 3670 1520 3748 habeat;
1582 3679 1743 3735 sunt
1789 3671 1970 3733 enim
2016 3673 2380 3754 opposita:
2448 3693 2543 3736 ex

299 3785 540 3830 amore
571 3767 754 3830 enim
778 3767 1100 3848 corporis,
1127 3766 1242 3848 qui
1273 3774 1382 3830 est
1415 3783 1606 3830 amor
1638 3765 1760 3840 sui,
1786 3775 1859 3828 et
1896 3785 2001 3828 ex·
2020 3785 2251 3829 amore
2285 3767 2539 3842 mundi,

302 3862 416 3944 qui
469 3869 579 3926 est
631 3879 822 3924 amor
872 3861 1284 3936 divitiarum,
1339 3860 1614 3944 quando
1666 3877 1867 3942 super
1918 3861 2149 3922 omnia
2200 3869 2538 3935 amantur,

303 3955 648 4038 profluunt
673 3955 902 4018 omnia
929 3955 1130 4030 mala,
1157 3965 1228 4019 et
1263 3976 1354 4019 ex
1387 3955 1584 4017 malis
1608 3954 1800 4030 salsa,
1827 3974 2001 4037 quae
2032 3955 2351 4037 opposita
2382 3964 2541 4019 sunt

302 4051 501 4114 bonis
545 4059 620 4114 et
657 4051 860 4124 veriS,
891 4070 1064 4132 quae
1107 4068 1200 4112 ex
1245 4067 1478 4114 amore
1523 4051 1590 4114 in
1623 4049 2010 4114 Dominum
2056 4059 2127 4114 et
2172 4068 2543 4114 examore

299 4165 466 4229 erga
495 4147 892 4230 proximum
917 4147 1364 4228 proveniunt:
1412 4145 1644 4211 eie-his
1676 4146 1909 4228 paucis
1930 4156 2251 4210 constare
2282 4155 2541 4228 potest,

299 4242 480 4306 unde
523 4251 636 4306 est
682 4240 872 4324 quod
913 4240 1154 4304 mulier
1192 4238 1460 4305 dicatur
1501 4239 1817 4322 “fugisse
1856 4241 1925 4304 in
1972 4238 2380 4316 desertum,”
2412 4239 2543 4303 hoc

297 4347 426 4413 est,
457 4337 644 4402 inter
676 4353 960 4418 paucos,
992 4335 1149 4416 quia
1177 4335 1358 4416 apud
1404 4333 1560 4398 illos
1589 4334 1705 4417 qui
1748 4352 1888 4398 non
1934 4334 2003 4398 in
2040 4333 2245 4409 bone,
2280 4342 2352 4398 et
2384 4334 2544 4398 inde

297 4450 418 4498 nec
473 4433 547 4498 in
609 4429 794 4494 veris
845 4437 1036 4494 ¹sunt.
1149 4427 1229 4492 In
1283 4428 1518 4492 Verbo
1575 4430 1645 4494 in
1706 4428 2011 4510 plurimis
2075 4427 2243 4490 locis
2296 4427 2546 4490 dicitur

297 4533 336 4560 ‘⁸
353 4522 778 4600 desertum,”
800 4531 878 4588 et
909 4542 1176 4605 quoque
1203 4522 1608 4588 “solitudo'’
1631 4533 1705 4586 et
1735 4521 2145 4596 “vastita5,”
2170 4531 2241 4586 et
2274 4541 2394 4602 per
2424 4520 2545 4585 illa

287 4625 720 4712 signfficatur
752 4627 984 4688 status
1013 4617 1366 4696 ecclesiae,
1399 4619 1675 4702 quando
1706 4617 1798 4683 ibi
1830 4637 1969 4682 non
1999 4616 2275 4709 aliquod
2306 4634 2544 4682 verum
