3259 5384
608 633 779 699 2068
1170 610 1175 617 ’
1234 646 1734 699 APOCALYPSIS
1781 645 2232 697 EXPLICATA.

870 818 961 869 illa
979 818 1262 869 moriendo
1285 819 1547 870 morieris.
1592 856 1605 869 .
1626 856 1641 869 .
1659 856 1672 869 .
1693 857 1706 868 .
1719 818 1784 869 Et
1812 834 2036 883 serpens
2059 819 2160 869 fuit
2181 828 2389 869 astutus
2408 832 2538 882 prae
2561 819 2712 869 omni
2735 817 2858 867 fera

868 884 984 945 agri
1008 898 1167 947 quam
1187 884 1314 933 fecit
1330 884 1575 948 Jehovah
1598 884 1776 941 Deus:
1811 894 1866 934 et
1887 886 2022 935 dixit
2045 886 2111 934 ad
2136 884 2428 943 mulierem,
2451 884 2699 933 Etiamne
2716 883 2858 932 dixit

873 949 1035 1009 Deus,
1066 948 1190 998 Non
1219 950 1513 999 comedetis
1548 951 1615 999 de
1651 952 1800 999 omni
1829 952 2020 999 arbore
2047 951 2226 1000 horti?
2293 950 2361 999 Et
2393 950 2528 998 dixit
2557 949 2750 998 mulier
2784 947 2858 996 ad

868 1024 1190 1077 serpentem,
1208 1014 1291 1063 De
1310 1012 1485 1065 fructu
1502 1016 1712 1065 arboris
1727 1015 1866 1065 horti
1883 1016 2227 1065 comedemus
2245 1029 2258 1071 ς
2286 1024 2344 1063 at
2359 1015 2428 1063 de
2445 1012 2625 1064 {mdiu
2639 1014 2856 1063 arboris

904 1094 1003 1129 uae
1028 1080 1081 1129 in
1110 1079 1287 1129 medio
1306 1080 1463 1138 horti,
1482 1081 1614 1130 dixit
1637 1080 1798 1139 Deus,
1819 1080 1941 1129 Non
1963 1081 2257 1129 comedetis
2279 1080 2347 1129 de
2371 1080 2480 1137 illo,
2501 1094 2600 1129 nec
2618 1080 2856 1141 tang-etis

868 1144 1034 1202 ilum,
1064 1160 1134 1194 ne
1162 1145 1482 1195 moriamini.
1554 1144 1620 1194 Et
1656 1146 1789 1195 dixit
1823 1160 2062 1209 serpens,
2094 1146 2217 1194 Non
2247 1146 2530 1193 moriendo
2561 1144 2854 1201 morimini,

868 1210 994 1273 quia
1020 1211 1175 1259 novit
1204 1210 1352 1260 Deus
1378 1212 1521 1273 quod
1556 1212 1612 1259 in
1649 1211 1736 1260 die
1763 1225 1872 1273 quo
1898 1212 2056 1261 editis
2089 1210 2156 1261 de
2184 1224 2267 1268 eo,
2295 1220 2349 1259 et
2377 1211 2686 1273 aperientur
2709 1208 2855 1258 oculi

867 1276 1049 1335 vestri,
1085 1285 1139 1325 et
1172 1276 1321 1325 eritis
1355 1277 1495 1325 sicut
1532 1276 1695 1335 Deus,
1729 1277 1962 1325 scientes
1995 1278 2196 1325 bonum
2232 1286 2286 1324 et
2327 1276 2545 1325 malum.
2617 1274 2684 1324 Et
2717 1275 2855 1323 vidit

869 1341 1061 1389 mulier
1084 1340 1227 1404 quod
1256 1342 1401 1390 bona
1421 1342 1581 1390 arbor
1602 1342 1672 1390 ad
1696 1356 1864 1400 esum,
1889 1352 1943 1390 et
1971 1342 2112 1405 quod
2136 1340 2442 1403 appetibilis
2469 1340 2560 1389 illa
2587 1339 2772 1398 oculis,
2797 1349 2854 1388 et

866 1404 1235 1455 desiderabilis
1252 1408 1413 1455 arbor
1428 1406 1497 1455 ad
1520 1406 1756 1455 dandum
1777 1406 2186 1468 intelligentiam
2209 1420 2222 1457 :
2257 1415 2312 1455 et
2334 1406 2566 1468 sumpsit
2581 1420 2650 1454 ex
2673 1402 2852 1454 {metu

866 1471 986 1533 ejus
1013 1482 1068 1521 et
1095 1472 1221 1529 edit.
1251 1482 1305 1521 et
1330 1472 1479 1523 dedit
1506 1472 1670 1521 etiam
1699 1472 1818 1521 viro
1845 1486 1946 1521 suo
1981 1486 2178 1529 secum,
2207 1480 2264 1521 et
2289 1471 2555 1521 comedit:
2591 1480 2646 1521 et
2679 1470 2850 1534 aperti

868 1545 994 1585 sunt
1020 1537 1159 1585 oculi
1184 1539 1481 1593 amborum.
1506 1547 1560 1585 et
1587 1546 1959 1599 cognoverunt
1983 1537 2122 1601 quod
2149 1538 2277 1586 nudi
2304 1536 2410 1595 illi;
2447 1546 2500 1586 et
2523 1545 2850 1585 consuerunt

868 1601 1057 1650 folium
1082 1602 1228 1661 ficus,
1252 1612 1306 1651 et
1329 1602 1572 1651 fecerunt
1600 1603 1701 1651 sibi
1726 1603 1956 1664 cingula.
2007 1639 2019 1652 .
2041 1640 2053 1652 .
2073 1639 2084 1652 .
2106 1603 2199 1652 ‚Et
2222 1602 2354 1651 dixit
2376 1601 2619 1667 Jehovah
2647 1602 2716 1651 ad
2739 1615 2850 1650 ser-

868 1677 1103 1729 pentem,
1134 1668 1275 1730 Quia
1298 1666 1473 1717 fecisti
1508 1668 1625 1725 hoc,
1655 1665 1974 1717 maledid’tus
2003 1676 2060 1717 tu
2087 1682 2215 1730 prae
2244 1668 2394 1717 omni
2423 1667 2610 1726 bestia,
2638 1677 2694 1717 et
2721 1680 2848 1729 prae

867 1732 1015 1781 omni
1035 1732 1151 1781 fera
1168 1732 1281 1794 agri
1304 1747 1315 1790 ;
1351 1747 1513 1795 super
1529 1743 1716 1782 ventre
1735 1741 1827 1781 tuo
1845 1732 2160 1792 ambulabis,
2176 1743 2228 1782 et
2249 1732 2520 1795 pulverem
2537 1732 2664 1781 edes
2678 1731 2850 1781 omni·

869 1798 969 1845 bus
986 1798 1173 1846 diebus
1192 1799 1334 1846 vitae
1352 1807 1507 1847 tuae:
1545 1808 1600 1846 et
1618 1798 1954 1847 inimicitiam
1975 1812 2174 1861 ponam
2195 1798 2334 1847 inter
2353 1808 2405 1847 te
2429 1808 2483 1847 et
2506 1798 2646 1846 inter
2665 1796 2848 1846 mulie·

866 1876 998 1921 rem.
1026 1872 1081 1912 et
1117 1863 1259 1911 inter
1289 1876 1477 1911 semen
1512 1871 1662 1912 tuum
1697 1872 1752 1912 et
1785 1877 1972 1913 semen
2007 1864 2158 1925 ejus;
2209 1862 2306 1911 Ille
2333 1862 2666 1912 conculcabit
2701 1859 2848 1911 1¹1tibi

866 1937 1041 1990 caput,
1066 1938 1120 1977 et
1144 1936 1201 1977 tu
1224 1928 1405 1977 laedes
1428 1928 1739 1977 calcaneum
1767 1928 1917 1990 EjuS.
1971 1966 1983 1979 .
2005 1967 2016 1978 .
2037 1966 2050 1979 .
2071 1966 2083 1978 .
2097 1929 2163 1977 Et
2186 1930 2364 1977 emisit
2387 1928 2630 1993 Jehovah
2657 1927 2846 1979 Deus”

866 1993 1141 2042 hominem
1161 1994 1190 2015 ‘⁸
1202 2008 1269 2042 ex
1284 1993 1441 2042 horto
1460 1992 1626 2051 Eden,
1639 2031 1651 2041 .
1674 2031 1684 2042 .
1706 2031 1717 2042 .
1739 2004 1815 2042 ,et
1832 1993 2073 2043 habitare
2089 1993 2215 2043 fecit
2233 1995 2301 2043 ab
2319 1994 2526 2041 oriente
2544 1994 2614 2042 ad
2633 1994 2844 2041 hortum

800 2099 807 2109 .
868 2056 1069 2107 Edenis
1097 2058 1376 2117 cherubos,
1404 2066 1459 2107 et
1493 2058 1767 2107 flammam
1797 2059 1983 2121 gladii.
2006 2096 2018 2108 .
2037 2058 2320 2109 ,vertentis
2347 2072 2424 2117 se,
2452 2058 2521 2107 ad
2547 2059 2846 2107 custodien-

866 2124 993 2172 dum
1024 2123 1167 2172 viam
1196 2124 1404 2172 arboris
1434 2123 1713 2173 vitarum”
1741 2122 1886 2185 (Gen.
1915 2124 1967 2173 ii.
1995 2124 2042 2183 8,
2069 2138 2117 2189 9,
2147 2124 2221 2183 16,
2252 2136 2342 2185 17:
2377 2138 2492 2186 cap.
2522 2122 2596 2173 iii.
2635 2134 2744 2183 1-7,
2771 2136 2844 2183 14,

870 2200 947 2248 τε,
978 2184 1107 2253 [23.]
1135 2187 1250 2251 24)=

604 2328 950 2411 quomodo
980 2328 1303 2391 historica
1333 2328 1420 2391 de
1452 2327 1814 2392 Creatione
1845 2328 2036 2393 Caeli
2067 2338 2140 2392 et
2171 2328 2446 2403 Terrae,
2479 2348 2651 2411 quae
2683 2346 2843 2392 con-

604 2424 909 2486 tinentur
944 2443 984 2485 a
1021 2423 1237 2502 primo
1270 2424 1493 2503 capite
1529 2422 1867 2497 Geneseos,
1905 2444 2113 2506 usque
2151 2424 2236 2486 ad
2277 2422 2440 2486 illud
2479 2423 2590 2485 ubi
2627 2424 2848 2504 agitur

603 2518 690 2581 de
738 2516 1032 2593 Diluvio,
1080 2518 1533 2600 intelligenda
1577 2528 1761 2591 sunt,
1811 2538 2016 2581 nemo
2062 2528 2292 2599 potest
2339 2520 2529 2594 scire,
2579 2518 2706 2581 nisi
2757 2538 2844 2581 ex

604 2632 807 2676 sensu
849 2612 1197 2694 spirituali,
1239 2614 1352 2695 qui
1396 2614 1572 2675 inest
1620 2614 1846 2675 sensui
1891 2612 2161 2676 litterae
2199 2612 2412 2677 Verbi
2456 2614 2524 2675 in
2567 2611 2846 2693 singulis

602 2705 781 2787 ejus:
829 2707 1151 2771 historica
1182 2709 1364 2771 enim
1396 2706 1511 2769 illa
1548 2706 1635 2769 de
1671 2706 2039 2771 Creatione
2071 2707 2257 2772 Caeli
2289 2716 2360 2770 et
2393 2706 2666 2780 Terrae,
2701 2716 2844 2769 tum

603 2800 688 2863 de
726 2800 951 2864 Horto
988 2802 1054 2864 in
1094 2800 1358 2877 Edene‚
1394 2801 1613 2883 deque
1649 2800 1945 2865 Posteris
1979 2800 2252 2877 Adami,
2287 2822 2497 2884 usque
2527 2800 2614 2863 ad
2655 2799 2844 2863 Dilu-

602 2897 805 2970 vium‚
834 2905 991 2959 sunt
1012 2896 1334 2959 historica
1353 2892 1549 2969 sac‘ta,
1574 2895 1696 2958 sed
1723 2916 1932 2978 usque
1959 2894 2401 2970 sanetissima,
2424 2896 2580 2978 quia
2603 2893 2847 2976 singuli

602 3009 839 3053 sensus
870 3009 949 3053 ac
986 2990 1294 3071 singulae
1326 3010 1531 3053 voces
1568 2990 1660 3052 ibi
1691 2991 2337 3071 correspondentiae
2369 3000 2548 3066 sunt,
2581 2999 2654 3053 et
2692 2990 2846 3052 inde

601 3084 987 3165 significant
1034 3084 1442 3165 spiritualia;
1504 3084 1635 3148 hoc
1683 3094 1914 3166 potest
1961 3085 2050 3148 ab
2095 3086 2491 3167 unoquoviS,
2539 3086 2652 3167 qui
2697 3103 2844 3164 per·

601 3180 850 3260 spicaci
880 3180 1155 3260 ingenio
1180 3187 1308 3253 est,
1338 3178 1672 3260 pervideri
1706 3200 1798 3243 ex
1831 3179 2116 3243 historia
2141 3180 2502 3242 creationis
2533 3180 2601 3242 in
2634 3178 2846 3259 primo

600 3275 848 3355 capite,
884 3292 1055 3356 quae
1088 3283 1335 3354 coepta
1364 3282 1473 3336 est
1504 3292 1545 3335 a
1576 3272 1749 3350 luce,
1776 3275 2052 3356 quando
2077 3273 2378 3337 nondum
2411 3273 2515 3335 sol
2548 3272 2842 3344 exstitit,

600 3380 673 3433 et
718 3389 808 3432 ex
856 3368 1155 3450 pluribus
1198 3368 1345 3431 aliis
1390 3368 1479 3431 ibi
1504 3388 1519 3446 ;
1566 3378 1714 3431 tum
1762 3388 1852 3431 ex
1891 3370 2235 3431 creatione
2275 3367 2572 3432 Chaivae
2619 3365 2846 3429 uxoris

603 3461 856 3525 Adami
891 3482 982 3525 ex
1020 3473 1215 3525 costa
1246 3462 1425 3543 ejus;
1474 3472 1551 3526 ut
1586 3473 1659 3526 et
1697 3484 1788 3526 ex
1827 3462 1999 3525 binis
2031 3462 2381 3526 arboribus
2411 3464 2478 3525 in
2513 3460 2843 3543 paradi50,

601 3566 673 3621 et
728 3578 818 3621 ex
882 3557 1335 3638 prohibitione
1390 3578 1476 3620 ne
1528 3579 1619 3620 ex
1673 3559 1913 3621 arbore
1967 3558 2290 3621 scientiae
2344 3557 2504 3619 boni
2557 3565 2630 3619 et
2689 3555 2847 3618 mali

603 3651 1066 3726 comederent,
1100 3663 1171 3715 et
1209 3652 1391 3734 quod
1430 3670 1642 3733 usque
1681 3650 1941 3715 sedufi'ti
1979 3674 2019 3715 a
2055 3662 2372 3735 serpente
2405 3651 2842 3723 comederint,

601 3748 879 3809 tametsi
930 3747 1228 3809 omnium
1283 3747 1761 3828 sapientissimi
1816 3746 2121 3824 suerunt3
2183 3756 2254 3810 et
2304 3746 2485 3829 quod
2542 3745 2846 3827 Jehovah

602 3839 779 3903 tales
811 3842 1086 3904 arbores
1118 3842 1182 3903 in
1218 3842 1443 3905 medio
1476 3842 1658 3904 horti
1691 3844 2010 3922 posuerit,
2038 3864 2116 3905 ac
2151 3860 2390 3923 passus
2421 3842 2508 3905 sit
2543 3852 2616 3905 ut
2649 3840 2844 3903 sedu-

603 3946 919 3998 cerentur
948 3958 989 3998 a
1020 3946 1338 4018 serpente
1366 3935 1453 3999 ad
1486 3936 1986 3999 comedendum
2017 3956 2108 3999 ex
2141 3936 2380 3999 arbore
2404 3936 2640 4011 vetita,
2667 3935 2846 4019 quod

603 4039 837 4093 tamen
876 4030 1210 4111 potuisset
1244 4041 1593 4108 avertere;
1641 4040 1714 4094 et
1753 4032 2032 4094 tandem
2070 4030 2252 4113 quod
2289 4050 2378 4093 ex
2419 4030 2569 4093 solo
2603 4050 2722 4094 esu
2757 4050 2846 4093 ex

601 4123 720 4187 illa
750 4125 991 4188 arbore
1024 4126 1409 4189 universum
1440 4145 1658 4207 genus
1689 4125 2057 4188 humanum
2091 4126 2290 4188 morti
2323 4134 2646 4188 aeternae
2671 4124 2842 4206 judi-

604 4228 891 4282 caretur.
983 4217 1151 4299 Quis
1198 4239 1333 4283 non
1372 4220 1557 4283 videt
1596 4220 1778 4302 quod
1816 4220 1986 4283 haec
2024 4230 2264 4283 contra
2303 4219 2623 4283 Divinum
2659 4238 2845 4282 amo·

604 4332 767 4389 rem,
824 4322 895 4377 et
954 4324 1196 4377 contra
1250 4314 1567 4379 Divinam
1623 4316 2122 4396 providentiam
2179 4323 2248 4377 et
2312 4313 2842 4395 praevidentiam

604 4408 879 4472 essent?
925 4418 1194 4489 praeter
1223 4408 1415 4490 plura
1444 4407 1597 4485 alia,
1631 4430 1806 4492 quae
1843 4406 2228 4473 intellectus
2260 4408 2650 4471 caecutiens
2687 4407 2843 4469 sim-

605 4503 870 4583 pliciter
903 4503 1229 4568 crederet.
1320 4502 1457 4568 Sed
1496 4524 1706 4587 usque
1745 4504 1906 4568 nihil
1947 4513 2150 4567 nocet
2189 4513 2262 4565 ut
2309 4502 2427 4565 illa
2471 4503 2840 4565 secundum

604 4598 905 4663 litteram
940 4599 1331 4664 historicam
1369 4600 1457 4663 ab
1494 4599 1860 4663 infantibus
1896 4608 1966 4662 et
2005 4597 2420 4683 simplicibus
2458 4596 2844 4671 credantur,
