3259 5384
894 681 1053 731 cAP.
1090 680 1241 742 x11.,
1276 679 1482 730 VERS.
1524 679 1778 748 ιρι-Ν.
1813 665 2082 760 7ῥ8[αῐ].
2433 657 2602 746 ‘2145

372 850 479 932 qui
534 851 741 914 etiam
793 861 1125 915 vocantur
1170 849 1341 915 “filii
1394 851 1742 933 regis”‘.et
1793 849 1970 914 “filii
2021 849 2271 932 regni‚”
2325 849 2604 931 proinde

375 945 580 1099 {etiam
628 945 945 1008 Divinum
998 946 1064 1008 id
1121 944 1377 1008 Verum
1433 946 1608 1027 apud
1664 946 1839 1020 illos,
1887 947 1954 1008 in
2007 945 2110 1008 his
2168 943 2606 1027 sequentibus

400 1058 667 1101 ocis:—

468 1182 499 1204 “
513 1181 657 1231 Sicut
691 1196 801 1230 non
830 1181 1198 1231 numerabitur
1224 1183 1488 1232 exercitus
1518 1183 1805 1241 caelorum,
1835 1191 1890 1232 et
1924 1197 2033 1230 non
2071 1189 2409 1230 mensuratur
2441 1192 2608 1228 arena

631 1247 810 1305 maris,
852 1247 927 1296 ita
972 1247 1335 1310 multiplicabo
1382 1261 1567 1296 semen
1618 1247 1864 1296 Davidis.
1887 1285 1922 1306 .,
1963 1257 2018 1297 et
2065 1245 2278 1296 Levitas
2326 1245 2604 1294 ministros

631 1326 782 1361 meos
795 1311 824 1332 ”
848 1311 1061 1376 (Jerem.
1088 1313 1267 1362 xxxiii.
1296 1313 1412 1370 22):

466 1377 499 1398 ⁸⁸
514 1375 703 1439 Pepigi
725 1376 917 1426 foedus
940 1375 1113 1426 electo
1136 1391 1275 1434 meo.
1294 1377 1467 1439 juravi
1496 1377 1688 1427 Davidi
1712 1392 1871 1426 servo
1897 1391 2033 1436 meo,
2053 1377 2108 1426 in
2131 1385 2409 1426 aeternum
2434 1389 2606 1436 usque

630 1441 855 1492 firmabo
883 1457 1069 1492 semen
1098 1450 1266 1501 tuum,
1294 1453 1348 1491 et
1382 1442 1675 1492 aedificabo
1706 1443 1760 1491 in
1789 1443 2193 1504 generationem
2224 1450 2277 1490 et
2304 1440 2609 1503 generatio-

630 1519 757 1556 nem
778 1509 1029 1556 thronum
1050 1518 1217 1556 tuum.
1260 1544 1273 1558 .
1293 1544 1306 1557 .
1325 1544 1338 1556 .
1360 1544 1372 1556 .
1386 1507 1593 1556 Ponam
1618 1508 1674 1556 in
1697 1517 1976 1556 aeternum
1996 1521 2181 1556 semen
2207 1507 2363 1563 illius»,
2383 1515 2436 1554 et
2459 1505 2606 1554 thro-

630 1586 759 1622 num
784 1572 927 1622 illius
954 1574 1090 1622 sicut
1117 1573 1233 1624 dics
1264 1572 1550 1622 caelorum.
1596 1610 1607 1621 .
1630 1610 1642 1621 .
1663 1610 1674 1621 .
1696 1572 1913 1622 ,Semen
1939 1573 2078 1622 illius
2107 1573 2160 1620 in
2186 1581 2462 1620 aeternum
2487 1570 2604 1625 erit.

633 1647 689 1685 et
710 1638 935 1686 thronus
960 1637 1103 1687 illius
1125 1638 1261 1687 sicut
1285 1637 1367 1686 sol
1392 1651 1570 1686 coram
1599 1636 1690 1686 Me
1705 1636 1732 1656 ”
1752 1637 1862 1699 (Ps.
1882 1638 2078 1686 lxxxix.
2101 1650 2149 1698 4,
2172 1649 2216 1697 5,
2237 1649 2314 1696 30,
2335 1647 2397 1696 37
2425 1631 2516 1700 [B.
2535 1636 2606 1684 A.

630 1715 678 1763 3,
700 1716 751 1762 4.
776 1715 855 1765 29,
880 1699 1021 1767 ³⁶])=

374 1832 547 1916 quod
583 1854 701 1916 per
729 1836 1121 1899 “Davidem
1136 1833 1167 1859 '’
1197 1836 1265 1898 in
1298 1833 1531 1898 Verbo
1563 1833 1986 1916 intelligatur
2018 1833 2348 1897 Dominus
2379 1831 2605 1914 quoad

375 1929 652 2009 regium,
693 1929 875 2012 quod
921 1940 1027 1992 est
1074 1928 1393 1992 Divinum
1433 1927 1691 1992 Verum
1730 1930 1797 1991 in
1843 1947 2057 2008 regno
2095 1926 2422 2009 spirituali
2461 1925 2604 1989 Do-

376 2020 557 2094 mini,
589 2020 905 2083 videatur
935 2041 1139 2103 supra
1168 2037 1237 2094 (n.
1262 2034 1449 2100 205):
1499 2020 1658 2084 inde
1691 2040 1810 2102 per
1845 2016 2187 2081 “semen”
2219 2017 2362 2098 ejus
2392 2017 2605 2098 signi-

376 2107 611 2174 ficatur
648 2112 967 2175 Divinum
1004 2113 1071 2175 id
1108 2111 1366 2176 Verum
1405 2111 1581 2194 apud
1620 2111 1773 2174 illos
1812 2112 1922 2193 qui
1969 2111 2036 2173 in
2074 2111 2250 2172 veris
2286 2130 2376 2171 ex
2423 2108 2606 2171 bono

376 2214 553 2279 sunt,
600 2206 699 2269 ita
744 2227 1012 2289 quoque
1065 2207 1176 2289 qui
1230 2207 1296 2269 in
1350 2207 1523 2269 veris
1578 2202 1927 2270 doctrinae
1980 2226 2071 2268 ex
2124 2203 2360 2267 Verbo
2405 2212 2602 2279 sunt;

376 2315 528 2361 nam
560 2319 721 2363 vera
758 2297 1106 2364 doctrinae
1143 2321 1233 2363 ex
1274 2300 1529 2373 Verb0‚
1565 2321 1682 2363 seu
1721 2320 1879 2364 vera
1916 2299 2149 2375 Verbi,
2184 2299 2411 2362 omnia
2447 2309 2606 2360 sunt

378 2411 463 2452 ex
510 2391 730 2456 bono:
788 2404 859 2457 et
904 2395 1060 2476 quia
1103 2393 1198 2457 illi
1246 2414 1365 2476 per
1405 2400 1696 2457 “semen
1744 2391 2073 2456 Davidis”
2109 2391 2604 2473 intelliguntur,

377 2486 471 2547 ita
527 2489 735 2550 etiam
802 2489 869 2551 in
935 2509 1136 2552 sensu
1194 2485 1540 2553 abstracto
1598 2509 1718 2570 per
1782 2489 1850 2551 id
1915 2488 2319 2570 intelligitur
2376 2505 2607 2550 verum

376 2577 605 2654 Verbi,
641 2601 758 2643 seu
795 2602 1025 2645 verum
1065 2579 1412 2646 doctriua
1449 2603 1539 2645 ex
1580 2581 1834 2646 Verb0.
1923 2580 2124 2663 Quod
2166 2602 2284 2664 per
2318 2585 2609 2643 “semen

380 2673 703 2738 Davidis”
760 2696 897 2758 non
956 2674 1425 2758 intelligantur
1490 2679 1745 2758 posteri
1811 2675 1972 2758 ejus,
2034 2678 2313 2759 quisque
2377 2684 2608 2756 potest

376 2768 621 2844 videre,
659 2789 815 2832 nam
849 2770 1089 2832 dicitur
1126 2769 1309 2852 quod
1347 2775 1636 2833 “semen
1675 2769 1815 2850 ejus
1849 2769 2404 2850 multiplicabitur
2435 2768 2607 2832 sicut

380 2865 719 2927 exercitus
763 2863 1103 2927 caelorum
1150 2874 1221 2927 et
1267 2884 1471 2926 arena
1517 2863 1776 2938 mariS,”
1813 2864 2128 2946 quodque
2179 2862 2611 2926 “firmabitur

382 2967 449 3020 et
492 2968 784 3040 ponetur
820 2959 887 3020 in
933 2957 1343 3032 aeternum,’'
1381 2969 1451 3021 et
1498 2958 1679 3040 quod
1722 2959 2062 3021 “thronus
2109 2956 2247 3038 ejus
2293 2953 2608 3020 aedifica-

382 3051 555 3115 bitur
606 3053 675 3114 in
730 3053 1242 3134 generationem
1296 3061 1367 3114 et
1426 3047 1998 3132 generationem,’'
2055 3051 2367 3133 quodque
2425 3051 2610 3113 “erit

382 3147 548 3210 sicut
574 3146 718 3209 dies
745 3144 1142 3220 caelorum,”
1162 3157 1231 3208 et
1263 3146 1480 3207 “sicut
1506 3145 1607 3208 sol
1635 3145 1686 3221 ;”
1719 3165 1890 3226 quae
1915 3145 1999 3207 de
2026 3143 2306 3207 Davidis
2331 3145 2608 3218 semine,

385 3239 507 3304 hoc
552 3249 683 3315 est,
732 3240 1157 3322 posteritate,
1206 3238 1423 3320 deque
1470 3239 1609 3318 ejus
1657 3239 1927 3312 thron0,
1976 3257 2245 3319 prorsus
2297 3256 2433 3300 non
2479 3236 2612 3299 dici

384 3345 705 3414 possunt;
764 3353 922 3396 nam
970 3334 1239 3396 ubinam
1288 3352 1462 3395 nunc
1510 3353 1742 3395 semen
1789 3331 1928 3412 ejus
1981 3342 2050 3395 et
2099 3333 2381 3396 thronus
2426 3330 2611 3412 ejus?

382 3427 481 3492 At
516 3430 744 3492 omnia
778 3428 895 3491 illa
931 3427 1341 3500 coincidunt,
1383 3447 1535 3490 cum
1576 3448 1692 3508 per
1735 3427 2126 3490 “Davidem
2142 3425 2172 3450 '’
2209 3425 2614 3507 intelligitur

384 3520 733 3596 Dominus,
780 3541 899 3602 per
940 3521 1317 3584 “thronum
1364 3521 1501 3600 ejus
1519 3521 1547 3543 ’'
1585 3520 1849 3583 caelum
1895 3532 1965 3584 et
2011 3520 2320 3593 ecclesia,
2369 3539 2446 3582 ac
2494 3537 2614 3600 per

388 3620 671 3679 “semen
708 3615 849 3696 ejus
864 3614 895 3638 '’
931 3635 1162 3679 verum
1202 3615 1369 3677 caeli
1408 3627 1477 3678 et
1514 3615 1862 3677 ecclesiae.
1952 3613 2160 3694 Apud
2197 3613 2588 3687 Jeremiam,

474 3759 505 3784 ⁰⁸
520 3758 577 3808 si
600 3773 711 3807 non
737 3757 925 3808 foedus
951 3771 1127 3808 meum
1154 3757 1257 3806 diei
1282 3767 1337 3806 et
1360 3754 1549 3812 noc’tis.
1575 3766 1776 3807 statuta
1797 3756 1929 3806 caeli
1953 3765 2008 3805 et
2031 3766 2202 3806 terrae
2226 3771 2336 3804 non
2363 3770 2595 3818 posuero

639 3823 800 3872 etiam
831 3838 1017 3872 semen
1047 3821 1233 3887 Jacobi
1261 3831 1314 3871 et
1346 3822 1567 3872 Davidis
1596 3823 1738 3871 servi
1775 3822 1878 3870 mei
1907 3823 2263 3884 reprobarem,
2292 3830 2351 3869 ut
2387 3836 2496 3870 non
2526 3835 2615 3869 su·

640 3902 785 3938 mam
812 3889 881 3936 de
908 3889 1115 3938 semine
1141 3887 1259 3950 ejus
1286 3888 1629 3937 dominantes
1659 3901 1820 3949 super
1845 3901 2030 3935 semen
2058 3886 2366 3944 Abrahami,
2397 3885 2530 3934 lsaci
2559 3895 2614 3936 et

639 3953 841 4019 jacobi,
860 3962 915 4002 et
936 3953 1183 4004 reducam
1208 3953 1567 4016 captivitatem
1582 3990 1594 4002 .
1614 3991 1652 4012 .,
1683 3965 1736 4002 et
1761 3953 2074 4002 miserebor.
2095 3988 2107 4001 .
2121 3951 2148 3970 ''
2172 3951 2373 4014 (xxxiii.
2400 3963 2477 4012 25,
2499 3952 2614 4012 26);

388 4077 569 4159 apud
605 4079 918 4154 eundem,

477 4193 507 4214 ‘⁸
524 4189 675 4241 Dixit
697 4191 941 4256 Jehovah
970 4191 1105 4240 dans
1133 4191 1303 4240 solem
1332 4189 1385 4240 in
1415 4190 1586 4239 lucem
1616 4190 1738 4248 diei,
1763 4197 1962 4239 statuta
1989 4187 2147 4238 lunae
2175 4197 2229 4238 et
2255 4189 2530 4238 stellarum
2559 4187 2612 4237 in

642 4257 815 4306 lucem
852 4253 1083 4306 noctisz.
1103 4292 1147 4306 ..
1168 4256 1247 4305 .Si
1283 4257 1599 4306 recesserint
1641 4265 1842 4304 statuta
1879 4255 2010 4304 haec
2049 4269 2230 4304 coram
2275 4253 2407 4314 Me„
2429 4254 2613 4303 ‚etiam

641 4335 825 4372 semen
854 4321 1069 4371 Israelis
1091 4322 1392 4378 cessabunt,
1414 4330 1471 4370 ut
1496 4336 1603 4370 non
1628 4323 1738 4370 sint
1760 4335 1894 4384 gens
1913 4334 2094 4370 coram
2120 4319 2212 4368 Me
2234 4320 2482 4370 omnibus
2505 4319 2616 4368 die·

643 4389 743 4437 bus
756 4385 787 4405 ”
809 4387 971 4450 (xxxi.
996 4397 1075 4447 35,
1102 4386 1213 4448 36):

392 4518 455 4584 in
503 4519 609 4584 his
662 4519 830 4585 locis
882 4539 1003 4602 per
1050 4523 1339 4584 “semen
1389 4518 1672 4604 Jacobi”
1725 4527 1796 4582 et
1855 4515 2252 4593 “Davidis,”
2297 4526 2444 4580 tum
2497 4535 2618 4598 per

397 4619 676 4680 “semen
734 4609 1060 4691 Israelis,”
1113 4615 1319 4680 etiam
1379 4613 1852 4696 intelliguntur
1901 4612 1998 4676 illi
2053 4613 2166 4695 qui
2223 4612 2290 4675 in
2351 4611 2612 4675 Divinis
