3259 5384
608 644 767 724 1984
1215 653 1711 708 APOCALYPSIS
1758 657 2207 708 EXPLICATA.

695 827 728 853 ⁸⁴
745 823 1032 874 Effundam
1061 824 1554 875 excandescentiam
1582 840 1757 876 meam
1782 840 1945 888 super
1969 826 2061 876 Sin
2087 828 2251 876 robur
2274 825 2527 890 Aegypti,
2550 837 2605 876 et
2628 825 2832 878 exscin-

857 891 981 938 dam
1018 890 1409 939 multitudinem
1449 890 1568 944 No:
1609 892 1748 940 dabo
1785 892 1963 954 ignem
2000 893 2054 940 in
2090 892 2688 955 Aegypto,..parturiet
2721 893 2832 952 Sin,

858 965 914 1005 et
939 951 1102 1003 1¹lnon
1127 955 1228 1004 erit
1249 956 1319 1004 ad
1343 958 1797 1020 perrumpendum
1814 955 1842 974 ''
1866 959 2008 1016 (xxx.
2042 969 2119 1016 15,
2146 957 2258 1018 16):

595 1105 712 1167 per
753 1085 1275 1168 “Aegyptum,”
1315 1085 1490 1150 “Sin
1512 1085 1542 1112 ’'
1577 1097 1649 1151 et
1692 1087 1907 1151 “No”
1946 1086 2412 1169 significantur
2456 1089 2831 1154 scientifica

594 1189 662 1242 et
690 1178 992 1242 fallaciae
1017 1201 1188 1262 quae
1222 1180 1545 1244 naturalis
1576 1180 1887 1255 hominiS,
1916 1201 2087 1264 quae
2119 1180 2401 1244 obstant
2439 1183 2599 1263 quin
2625 1182 2831 1246 homo

593 1289 713 1351 per
749 1293 908 1336 vera
945 1293 1032 1336 ex
1070 1272 1304 1336 Verbo
1341 1273 1780 1352 reformetur3
1827 1273 2009 1355 quod
2046 1274 2213 1337 haec
2247 1275 2478 1338 scituri
2516 1275 2673 1350 sint,
2707 1276 2829 1339 sed

593 1383 801 1446 usque
857 1384 994 1427 non
1054 1367 1388 1446 recepturi
1448 1367 1608 1441 vita,
1666 1377 1738 1430 et
1793 1369 1885 1430 sic
1950 1385 2084 1429 non
2139 1367 2483 1430 reformari
2542 1369 2826 1449 possint,

591 1456 1008 1538 significatur
1054 1479 1171 1540 per
1221 1458 1714 1540 “parturiendo
1760 1459 1977 1540 pariet
2024 1457 2162 1536 Sin,
2211 1469 2283 1523 et
2329 1456 2521 1524 ¹¹¹non
2568 1462 2696 1524 erit
2741 1461 2825 1525 ad

591 1549 1221 1634 perrumpendum,”
1259 1571 1503 1634 nempe
1543 1552 1917 1615 matricem.

730 1639 854 1723 [00]
926 1640 1270 1723 Quoniam
1327 1663 1451 1724 per
1515 1644 1919 1725 “parturire
1944 1643 1976 1668 '⁹
2039 1642 2463 1724 significatur
2524 1644 2825 1726 recipere

588 1731 823 1794 auditu
866 1743 985 1795 aut
1031 1730 1211 1796 lectu
1258 1753 1418 1796 vera
1455 1732 1690 1806 Verbi,
1740 1744 1809 1796 et
1857 1755 1977 1816 per
2024 1734 2363 1815 “parere''
2409 1734 2827 1816 significatur

588 1823 980 1889 fructificare
1027 1835 1098 1890 et
1143 1824 1297 1890 astu
1345 1827 1715 1907 producere
1762 1827 1899 1902 illa,
1940 1827 2121 1910 quod
2167 1836 2275 1891 est
2312 1828 2539 1890 vivere
2582 1849 2825 1891 secun-

588 1919 748 1982 dum
802 1919 938 1996 illa,
987 1929 1058 1983 et
1113 1921 1206 1984 sic
1262 1921 1626 1996 reformari,
1684 1921 1839 1984 ideo
1890 1921 2059 1984 haec
2117 1921 2391 2003 quando
2444 1920 2614 1983 fiunt
2668 1941 2824 1984 cum

585 2014 902 2094 angustia
941 2022 1011 2076 et
1051 2011 1453 2077 difficultate
1492 2023 1772 2096 propter
1801 2011 1967 2076 falsa
2005 2023 2073 2077 et
2113 2012 2293 2076 mala
2324 2033 2495 2096 quae
2534 2025 2825 2095 regnant

585 2107 652 2168 in
684 2105 990 2181 ecclesia,
1026 2127 1198 2189 quae
1234 2106 1542 2170 inhibent
1580 2119 1653 2170 et
1684 2127 1856 2190 quae
1894 2117 2291 2188 pervertunt
2327 2128 2486 2169 vera
2524 2118 2595 2170 et
2642 2107 2824 2171 bona

586 2198 747 2279 ejuS,
788 2211 949 2263 tunc
987 2201 1231 2263 dicitur
1268 2201 1451 2283 quod
1493 2201 2055 2283 “prehendantur
2091 2200 2327 2263 dolore
2369 2201 2543 2263 sicut
2590 2210 2823 2282 partu-

583 2293 891 2356 rientis:”
953 2293 1080 2356 hoc
1133 2295 1288 2376 quia
1336 2292 1410 2356 fit
1458 2295 1524 2356 in
1574 2292 1703 2356 fine
1753 2294 2100 2369 ecclesiae,
2152 2293 2307 2356 ideo
2355 2294 2421 2355 id
2471 2295 2538 2356 in
2590 2293 2824 2358 Verbo

585 2387 829 2449 dicitur
875 2387 960 2449 de
1006 2386 1136 2449 illis
1183 2388 1294 2470 qui
1338 2408 1421 2450 eo
1465 2398 1776 2468 tempore
1816 2389 2073 2461 vivunt,
2104 2387 2275 2450 sicut
2316 2387 2381 2448 in
2419 2387 2548 2449 hoc
2597 2388 2820 2469 capite

582 2479 1097 2562 Apocalypseos,
1147 2481 1330 2562 quod
1380 2476 1680 2544 “mulier
1731 2481 1796 2542 in
1860 2490 2054 2543 utero
2107 2479 2367 2543 habens
2423 2480 2819 2545 clamaverit

585 2576 984 2653 parturienS,
1009 2584 1079 2636 et
1107 2575 1404 2637 cruciata
1433 2594 1667 2656 parere
1683 2573 1712 2598 ”
1742 2573 1942 2654 (vers,
1966 2573 2034 2656 2)
2062 2595 2079 2651 ;
2126 2593 2245 2654 per
2268 2572 2450 2655 quod
2482 2572 2819 2655 significa-

583 2677 692 2729 tur
723 2667 903 2749 quod
943 2689 1102 2730 vera
1137 2677 1208 2730 et
1247 2667 1428 2730 bona
1459 2667 1852 2748 spiritualia,
1890 2687 2062 2749 quae
2101 2687 2193 2730 ex
2225 2665 2483 2741 Verbo,
2518 2685 2657 2730 non
2696 2667 2821 2730 nisi

583 2779 737 2822 cum
769 2762 1082 2822 'maxima
1127 2759 1530 2824 difficultate
1577 2771 1649 2824 et
1694 2779 1849 2822 cum
1892 2761 2212 2841 angustia
2256 2761 2463 2841 recipi
2512 2771 2816 2842 possent,

583 2853 1016 2917 obstantibus
1061 2854 1256 2917 malis
1299 2863 1370 2917 et
1415 2853 1596 2917 falsis
1642 2873 1813 2935 quae
1860 2863 2021 2917 tunc
2067 2854 2135 2915 in
2180 2852 2491 2927 ecclesia,
2529 2862 2605 2916 et
2642 2872 2815 2936 quae

582 2948 843 3009 animos
869 2948 1174 3028 religioni
1199 2944 1507 3010 addictos
1532 2955 2055 3027 occupaverunt.
2134 2945 2287 3008 Hoc
2315 2965 2582 3027 quoque
2608 2947 2817 3028 signi·-

582 3039 821 3104 ficatur
853 3059 970 3122 per
1005 3041 1332 3104 “dolores
1362 3041 1536 3102 sicut
1569 3040 2004 3120 parturientis
2019 3038 2049 3064 ”
2080 3039 2258 3122 apud
2293 3038 2687 3116 Jeremiarm

682 3176 711 3198 ⁸⁴
729 3173 932 3224 Vocem
977 3174 1128 3236 quasi
1169 3173 1500 3236 aegrotantis
1540 3172 1760 3230 audivi„
1784 3172 1955 3234 .quasi
1998 3171 2415 3234 primogenitum
2456 3171 2817 3234 parturientis,

844 3253 1031 3289 vocem
1061 3239 1201 3287 filiae
1227 3237 1426 3296 Zionis,
1456 3239 1703 3300 suspirat,
1730 3237 1984 3299 expandit
2008 3251 2199 3285 manus
2223 3251 2365 3294 suas,
2390 3235 2503 3285 Vae
2528 3237 2643 3300 jam
2670 3236 2815 3296 mihi,

844 3306 966 3368 quia
989 3305 1230 3353 desolata
1251 3313 1335 3352 est
1357 3305 1539 3353 anima
1563 3317 1685 3351 mea
1706 3303 1774 3350 ab
1799 3303 2124 3351 occisoribus
2138 3300 2167 3320 ”
2189 3302 2280 3363 (iv.
2311 3301 2423 3364 31):

581 3449 700 3510 per
741 3425 1002 3490 “filiam
1041 3425 1314 3490 Zionis”
1351 3426 1752 3507 intelligitur
1793 3425 2081 3488 ecclesia
2118 3444 2290 3506 quae
2330 3425 2399 3487 in
2437 3425 2613 3487 veris
2649 3422 2816 3488 doc-

581 3523 798 3586 trinae
849 3541 940 3584 ex
996 3521 1178 3584 bono
1229 3521 1475 3583 amoris
1527 3530 1679 3597 est;
1748 3519 1915 3581 haec
1974 3517 2217 3580 dicitur
2272 3519 2689 3598 “suspirare,
2744 3527 2817 3582 et

580 3615 974 3697 expandere
1011 3635 1272 3690 manuS,
1310 3615 1466 3696 quia
1511 3613 1857 3676 delassata
1902 3621 2008 3675 est
2054 3612 2280 3674 anima
2324 3610 2465 3691 ejus
2508 3611 2598 3674 ab
2635 3613 2814 3675 occi·

579 3712 840 3776 soribus
865 3710 917 3788 ;'’
967 3707 1404 3774 “occisores’'
1439 3718 1599 3771 sunt
1646 3709 1757 3790 qui
1802 3709 2014 3769 vitam
2058 3706 2479 3787 spiritualem
2523 3705 2817 3768 hominis

579 3825 698 3888 per
734 3805 902 3869 falsa
938 3813 1009 3868 et
1047 3803 1229 3867 mala
1263 3803 1664 3866 destruunt:
1712 3812 1783 3864 et
1820 3802 1975 3883 quia
2020 3808 2298 3880 propter
2345 3799 2474 3862 hoc
2514 3819 2651 3862 non
2692 3799 2815 3862 nisi

579 3919 785 3982 quam
842 3919 994 3961 cum
1055 3898 1372 3979 angustia
1427 3905 1499 3958 et
1557 3893 1961 3957 difficultate
2020 3893 2225 3973 recipi
2283 3912 2446 3954 vera
2502 3901 2572 3955 et
2635 3892 2816 3955 bona

577 3993 948 4076 spiritualia
991 4001 1298 4074 possunt,
1345 3991 1502 4054 ideo
1553 3987 1628 4054 fit
1684 3989 2061 4052 lamentum
2106 3989 2283 4050 sicut
2332 3987 2814 4067 “aegrotantis

577 4099 648 4152 et
681 4088 1210 4170 primogenitum
1236 4085 1669 4168 parturientis
1698 4083 1749 4161 ;’‘
1796 4102 1915 4164 per
1942 4086 1981 4114 ‘⁸
2002 4081 2531 4162 primogenitum
2547 4080 2577 4105 ”
2602 4080 2812 4162 signi-

579 4183 817 4246 ficatur
873 4183 1160 4263 primum
1219 4179 1570 4254 ecclesiae,
1631 4199 1723 4240 ex
1783 4196 1916 4259 quo
1981 4176 2239 4258 reliqua
2300 4177 2479 4238 sicut
2539 4195 2633 4238 ex
2689 4194 2814 4239 suo

577 4277 904 4364 principio
941 4283 1332 4358 sequuntur.
1419 4273 1630 4354 Apud
1668 4271 1983 4346 eundem,

677 4409 1038 4459 “Audivimus
1066 4408 1266 4457 {atnam
1283 4405 1316 4428 ’⁹
1337 4405 1518 4470 populi
1555 4405 1822 4454 venientis
1850 4419 1883 4453 e
1908 4412 2053 4453 terra
2082 4403 2481 4465 septentrionis,
2506 4379 2812 4451 “remissae

837 4484 965 4524 sunt
987 4487 1184 4523 manus
1207 4483 1440 4530 nostrae,
1457 4473 1711 4534 angustia
1734 4469 2017 4532 prehendit
2041 4483 2157 4526 nos,
2176 4469 2333 4518 dolor
2354 4469 2491 4518 sicut
2514 4467 2812 4530 parturien-

836 4541 933 4589 tis:
983 4555 1050 4589 ne
1086 4539 1224 4588 exite
1261 4537 1315 4588 in
1350 4551 1555 4600 agrum,
1589 4546 1646 4585 et
1680 4537 1732 4584 in
1770 4536 1913 4584 viam
1948 4549 2016 4584 ne
2051 4535 2208 4592 abite,
2243 4535 2367 4598 quia
2405 4533 2614 4596 gladius
2648 4533 2809 4592 hosti,

835 4615 1007 4655 terror
1029 4606 1437 4668 circumquaque
1453 4601 1481 4622 ”
1505 4601 1592 4663 (vi.
1619 4614 1699 4661 24,
1726 4601 1837 4662 25):
