3259 5384
614 655 781 725 2452
1236 654 1742 709 APOCALYPSIS
1785 654 2238 707 EXPLICATA.

612 844 773 905 gere
810 824 1051 900 bonoe,
1093 834 1164 888 et
1204 845 1518 906 separare
1554 824 1714 889 illos
1751 846 1793 889 a
1837 824 2056 899 malis.
2097 835 2204 890 est
2251 826 2408 908 quia
2454 846 2572 907 per
2613 829 2850 889 “mes-

610 938 756 983 sem
802 928 1025 983 terrae
1041 919 1073 944 ‘’
1110 918 1531 1001 significatur
1576 919 1858 985 ultimus
1901 930 2130 985 status
2177 920 2532 995 ecclesiae,
2573 918 2854 1002 quando

610 1013 923 1077 ultimum
969 1013 1316 1095 judicium,
1373 1034 1451 1079 ac
1516 1015 1680 1079 mali
1739 1014 2192 1097 conjiciuntur
2244 1016 2313 1078 in
2365 1013 2722 1089 infernum,
2779 1022 2851 1077 et

609 1107 771 1170 boni
815 1108 1174 1171 elevantur
1217 1110 1285 1172 in
1332 1108 1619 1183 caelum,
1668 1118 1740 1173 et
1792 1110 1888 1174 sic
1935 1118 2360 1191 separantur.
2452 1106 2655 1189 Quod
2713 1127 2852 1170 non

608 1202 789 1283 prius
835 1200 1175 1278 collectiO,
1214 1205 1561 1285 separatio
1607 1214 1682 1267 et
1728 1205 2043 1267 ultimum
2077 1202 2402 1285 judicium
2447 1202 2637 1277 fiant,
2683 1221 2850 1265 con-

608 1305 794 1359 stare
838 1306 1073 1379 potest
1118 1318 1211 1361 ex
1258 1297 1394 1361 illis
1440 1318 1613 1380 quae
1659 1298 1726 1361 in
1773 1298 2104 1380 opusculo
2147 1297 2252 1361 De
2295 1296 2543 1361 Ultimo
2577 1295 2853 1370 Judicio

608 1388 792 1453 dicta
834 1400 1017 1467 sunt,
1058 1401 1130 1455 et
1166 1412 1341 1473 quae
1383 1391 1676 1474 amplius
1713 1393 1782 1455 in
1820 1392 2229 1474 Appendice
2267 1392 2355 1455 ad
2387 1392 2566 1455 hunc
2606 1389 2850 1454 librum

607 1484 898 1549 dicenda
928 1495 1125 1563 sunt;
1174 1506 1349 1568 quae
1386 1487 1455 1551 in
1492 1506 1759 1551 summa
1791 1488 2235 1551 continentur
2271 1488 2340 1549 in
2382 1485 2657 1549 Domini
2697 1504 2850 1549 ver-

612 1579 713 1642 bis
752 1580 932 1661 apud
966 1579 1411 1657 Matthaeum,

717 1726 876 1792 Jesus
922 1728 1057 1777 dixit
1100 1728 1239 1777 hanc
1279 1728 1619 1791 parabolam:
1675 1728 1902 1779 “Simile
1941 1726 2142 1779 factum
2183 1737 2268 1777 est
2313 1742 2539 1790 regnum
2581 1726 2850 1777 caelorum

870 1793 1077 1842 homini
1096 1794 1385 1843 seminanti
1404 1796 1605 1845 bonum
1626 1809 1812 1843 semen
1833 1795 1886 1843 in
1905 1808 2038 1855 agro
2057 1808 2184 1851 suo:
2221 1795 2316 1843 sed
2335 1794 2462 1843 dum
2481 1793 2852 1843 dormiverunt

868 1858 1135 1917 homines,
1186 1859 1333 1908 venit
1374 1858 1493 1921 ejus
1535 1860 1797 1917 inimicus.
1837 1868 1894 1908 et
1933 1860 2218 1909 seminavit
2259 1860 2615 1908 zizania...et
2655 1859 2848 1909 abivit:

869 1938 991 1973 cum
1032 1937 1160 1972 vero
1200 1924 1525 1986 germinavit
1563 1926 1744 1981 herba.
1780 1934 1836 1974 et
1874 1922 2108 1975 fructum
2148 1924 2288 1982 fecit,
2323 1934 2452 1973 tunc
2489 1934 2852 1987 apparuerunt

870 1991 1031 2039 etiam
1058 1990 1275 2038 zizania.
1345 1990 1702 2040 Accedentes.
1723 1990 1888 2039 ‚servi
1917 1990 2330 2041 patrisfamilias
2353 1990 2604 2039 dixerunt
2628 1989 2722 2048 illi,
2743 1988 2851 2038 Do-

872 2055 1033 2112 mine,
1056 2068 1237 2103 nonne
1258 2056 1457 2103 bonum
1478 2069 1666 2104 semen
1687 2055 1964 2105 seminasti
1989 2056 2044 2104 in
2069 2070 2200 2117 agro
2221 2057 2350 2105 tuo?
2380 2056 2523 2103 unde
2541 2070 2672 2117 ergo
2690 2056 2852 2105 habet

872 2120 1107 2169 zizania?
1194 2119 1299 2169 Hic
1340 2134 1468 2169 vero
1502 2122 1638 2169 dixit
1679 2121 1798 2181 illis,
1837 2120 2092 2170 Inimicus
2128 2121 2230 2169 hoc
2270 2120 2411 2170 fecit.
2480 2120 2632 2169 Servi
2672 2130 2850 2169 autem

872 2186 1123 2234 dixerunt
1150 2185 1241 2243 illi,
1266 2186 1435 2234 Visne
1464 2200 1593 2248 ergo
1622 2188 1881 2235 abeuntes
1909 2186 2225 2248 colligamus
2254 2188 2352 2236 ea?
2419 2184 2516 2235 Ille
2545 2199 2675 2235 vero
2702 2186 2849 2244 dixit,

876 2249 958 2300 Ne
999 2250 1139 2299 forte
1173 2250 1489 2312 colligentes
1525 2252 1730 2301 zizania
1763 2252 2044 2300 eradicetis
2079 2250 2238 2300 simul
2279 2265 2398 2300 cum
2439 2250 2543 2300 illis
2583 2250 2849 2307 triticum:

874 2315 1035 2365 sinite
1062 2330 1173 2364 una
1200 2330 1439 2365 crescere
1468 2325 1691 2379 utraque
1720 2330 1887 2381 usque
1915 2317 1984 2365 ad
2012 2330 2262 2373 messem,
2292 2326 2346 2365 et
2380 2326 2622 2379 tempore
2657 2316 2850 2365 messis

873 2381 1047 2430 dicam
1078 2380 1422 2440 messoribuS,
1452 2380 1703 2444 colligite
1733 2382 1878 2444 prius
1905 2382 2123 2437 zizania,
2153 2392 2208 2431 et
2234 2382 2483 2444 colligate
2511 2397 2578 2431 ea
2611 2382 2666 2431 in
2698 2382 2852 2431 iasci-

874 2446 1025 2495 culos
1064 2446 1133 2495 ad
1168 2447 1614 2496 comburendum.
1637 2484 1672 2507 .,
1709 2447 1942 2497 triticum
1979 2462 2110 2495 vero
2145 2457 2467 2509 congregate
2503 2448 2558 2497 in
2599 2448 2850 2496 horreum

872 2526 1069 2561 meum.
1131 2548 1143 2561 .
1165 2548 1176 2561 .
1197 2548 1210 2561 .
1230 2511 1324 2561 .Et
1362 2521 1703 2561 accesserunt
1742 2513 1808 2561 ad
1854 2512 2036 2574 Ipsum
2079 2512 2323 2575 discipuli
2369 2512 2560 2575 Ipsius,
2595 2513 2849 2571 dicentes,

874 2574 1101 2639 Expone
1120 2577 1277 2625 nobis
1298 2578 1605 2639 parabolam
1626 2578 1950 2627 zizaniorum
1971 2578 2102 2639 agri.
2175 2576 2320 2639 Ipse.
2343 2578 2702 2640 .respondens
2717 2577 2851 2627 dixit

872 2642 993 2700 illis,
1024 2642 1129 2705 Qui
1164 2642 1395 2691 seminat
1428 2644 1630 2692 bonum
1661 2658 1846 2693 semen
1881 2653 1967 2693 est
2004 2636 2166 2692 Filius
2201 2644 2472 2703 hominis;
2511 2658 2644 2705 ager
2670 2654 2848 2692 autem

872 2716 955 2755 est
984 2707 1229 2763 mundus.
1260 2722 1445 2757 semen
1478 2723 1606 2757 vero
1635 2719 1760 2757 sunt
1789 2708 1883 2757 filii
1913 2709 2080 2770 regni.
2109 2722 2166 2758 at
2194 2709 2398 2758 zizania
2425 2719 2550 2757 sunt
2581 2708 2674 2757 filii
2711 2708 2848 2757 illius

874 2772 1017 2831 mali,
1054 2772 1299 2821 inimicus
1335 2784 1514 2821 autem
1550 2774 1639 2837 qui
1675 2774 1906 2823 seminat
1941 2772 2036 2822 illa
2075 2784 2160 2823 est
2193 2774 2454 2831 diabolus,
2491 2774 2686 2823 messis
2721 2787 2847 2822 vero

872 2839 1267 2887 consummatio
1286 2838 1481 2888 saeculi
1504 2850 1601 2897 est,
1622 2854 1892 2889 messores
1915 2850 2095 2889 autem
2115 2850 2242 2889 sunt
2258 2840 2468 2901 angeli:
2504 2840 2850 2902 quemadmo-

871 2903 1000 2952 dum
1025 2917 1155 2965 ergo
1178 2903 1502 2965 colliguntur
1525 2905 1744 2961 zizania,
1769 2916 1822 2953 et
1845 2906 1972 2966 igne
1995 2906 2396 2963 comburuntur,
2421 2906 2496 2954 sic
2519 2904 2622 2953 erit
2646 2904 2702 2953 in
2727 2918 2849 2953 con·

872 2970 1233 3018 summatione
1256 2970 1486 3019 saeculi:
1524 2971 1700 3018 mittet
1727 2970 1891 3019 Filius
1915 2970 2152 3019 hominis
2176 2972 2402 3032 angelos
2427 2983 2571 3028 suos,
2591 2970 2682 3033 qni
2704 2970 2848 3018 colli-

870 3043 1002 3095 gent
1028 3049 1059 3082 e
1088 3048 1257 3095 regno
1288 3034 1465 3096 Ipsius
1494 3036 1680 3084 omnia
1705 3035 2070 3095 offendicula..
2092 3073 2104 3085 .
2125 3036 2237 3099 ‚qui
2267 3036 2470 3085 iaciunt
2497 3034 2847 3098 iniquitatem,

870 3107 925 3148 et
954 3100 1169 3148 mittent
1194 3114 1290 3149 eos
1326 3100 1380 3149 in
1409 3100 1681 3149 caminum
1711 3100 1870 3163 ignis,
1899 3100 1992 3149 ubi
2019 3102 2123 3150 erit
2152 3100 2390 3163 ploratus
2419 3111 2472 3150 et
2499 3100 2698 3151 stridor
2723 3101 2849 3150 den·

871 3164 1036 3277 ῐίὲι-ιιιε
1086 3174 1211 3214 tunc
1246 3164 1377 3228 justi
1412 3164 1695 3229 fulgebunt
1729 3176 1788 3215 ut
1827 3166 1910 3217 sol
1952 3166 2007 3214 in
2045 3179 2214 3229 regno
2253 3165 2428 3215 Patris
2442 3164 2472 3185 ”
2505 3165 2634 3227 (xiii.
2673 3178 2846 3226 24-30.

609 3391 728 3454 per
764 3371 941 3435 hanc
981 3371 1379 3454 parabolam
1416 3371 1718 3438 illustrat
1757 3372 2091 3437 Dominus
2130 3374 2360 3437 omnia
2397 3394 2569 3455 quae
2605 3374 2675 3435 in
2718 3372 2844 3435 hoc

607 3466 835 3548 capite
870 3465 932 3527 A
935 3466 1363 3547 pocahtpseos
1412 3466 1484 3550 (a
1526 3488 1728 3532 versu
1781 3484 1859 3547 14
1899 3467 1987 3531 ad
2041 3467 2146 3550 19)
2187 3468 2504 3531 dicuntur
2549 3467 2636 3530 de
2674 3467 2846 3529 Filio

608 3559 905 3623 hominis
929 3559 1231 3624 habente
1256 3562 1323 3624 in
1350 3563 1555 3625 ma'nu
1579 3581 1702 3625 sua
1726 3560 1971 3634 falcem
1999 3573 2071 3626 et
2097 3571 2427 3636 metente,
2455 3571 2526 3624 et
2553 3561 2737 3643 quod
2763 3560 2846 3623 ab

610 3652 771 3735 Ipso
816 3664 888 3718 et
934 3655 1021 3717 ab
1058 3655 1325 3737 angelis
1363 3657 1679 3719 demessa
1717 3658 1805 3721 sit
1844 3665 2064 3720 terra:
2121 3656 2406 3719 docetur
2444 3656 2625 3718 enim
2664 3654 2842 3737 quod

608 3770 727 3831 per
784 3751 1295 3813 “seminantem
1324 3749 1353 3774 ’‘
1406 3748 1832 3831 intelligatur
1894 3750 2249 3825 Dominus,
2311 3750 2423 3832 qui
2485 3750 2573 3811 ibi
2635 3750 2842 3812 etiam

606 3854 894 3907 vocatur
928 3844 1201 3909 “Filius
1233 3845 1525 3907 hominis
1550 3845 1601 3923 ;”
1647 3845 1829 3928 quod
1863 3866 1982 3927 per
2011 3850 2405 3907 “messores
2423 3844 2454 3867 ”
2485 3864 2604 3906 seu
2641 3848 2842 3907 “me-

610 3949 843 4003 tentes
861 3940 890 3964 ’⁹
936 3940 1414 4021 intelligantur
1458 3940 1710 4021 angeli,
1759 3951 1832 4004 et
1885 3941 2067 4022 quod
2119 3938 2432 4001 “zizania
2485 3939 2844 4002 mittentur

610 4035 677 4097 in
722 4036 1062 4098 caminum
1108 4035 1346 4116 ignis,’'
1392 4046 1463 4099 et
1515 4036 1830 4100 “bonum
1879 4054 2113 4099 semen
2159 4034 2526 4115 colligetur
2570 4034 2640 4096 in
2687 4033 2839 4097 hor·

608 4129 856 4203 reum‚”
894 4139 966 4193 et
1012 4130 1193 4211 quod
1240 4130 1357 4194 illa
1402 4150 1539 4193 non
1583 4131 1764 4212 prius
1801 4128 1967 4193 fient
2003 4148 2206 4212 quam
2248 4130 2372 4193 “in
2410 4147 2839 4192 consumma-

608 4226 797 4289 tione
835 4225 1147 4300 saeculi‚”
1184 4246 1302 4308 per
1339 4244 1539 4308 quam
1580 4225 2000 4307 significatur
2033 4224 2312 4289 ultimus
2357 4232 2584 4287 status
2621 4222 2838 4287 ecclc-

609 4322 770 4396 siae,
806 4321 897 4384 ob
928 4340 1203 4384 causam
1240 4328 1383 4385 “ne
1415 4340 1550 4384 una
1582 4339 1736 4384 cum
1769 4321 2040 4383 zizaniis
2071 4319 2453 4383 eradicetur
2483 4312 2838 4407 triticum.”

612 4414 953 4499 Quoniam
993 4416 1161 4479 haec
1210 4416 1536 4499 parabola
1582 4416 1862 4479 Domini
1905 4416 1973 4478 in
2020 4435 2094 4478 se
2139 4434 2390 4479 arcana
2433 4413 2520 4477 de
2567 4432 2836 4495 separa-

609 4511 798 4576 tione
852 4510 1184 4574 malorum
1246 4532 1287 4573 a
1346 4512 1566 4586 boniS,
1622 4520 1692 4574 et
1755 4509 1842 4572 de
1902 4508 2146 4573 ultimo
2198 4507 2450 4589 judicio
2503 4507 2835 4579 continet,

612 4606 900 4672 interest
954 4616 1029 4671 ut
1082 4606 1485 4689 singillatim
1540 4605 1946 4689 explicetur.
2039 4604 2164 4668 Per
2219 4610 2561 4687 “regnum
2615 4601 2838 4667 caelo·
