3259 5384
1084 668 1243 720 CAP.
1280 668 1435 730 xn..
1470 666 1678 717 VERS.
1716 665 1932 735 5.-Ν.
1964 650 2189 735 726ffi).
2583 666 2744 717 2011

514 841 835 905 Divinum
875 841 1155 916 Verum,
1195 839 1445 923 aliquid
1491 838 1758 903 dicetur
1794 838 1879 901 de
1923 836 2063 919 ejus
2108 836 2406 901 essentia
2449 845 2521 900 et
2565 836 2752 899 exis-

512 938 769 1001 tentia:
818 938 949 1000 hoc
981 955 1073 998 ex
1100 934 1387 1000 naturali
1418 934 1693 998 homine
1725 942 1797 997 et
1829 932 1970 1014 ejus
2002 931 2252 995 lumine
2279 951 2416 995 non
2443 950 2752 1013 compre-

512 1030 721 1094 hendi
765 1040 1021 1112 potest,
1064 1030 1187 1093 nisi
1224 1049 1426 1113 quam
1472 1048 1591 1110 per
1628 1027 1793 1091 talia
1829 1047 2000 1110 quae
2046 1026 2425 1107 procedunt
2469 1046 2562 1091 ex
2608 1024 2754 1089 sole

514 1125 768 1201 mundi,
802 1146 893 1189 ex
927 1124 1165 1208 quibus
1195 1134 1267 1187 et
1300 1144 1418 1205 per
1449 1142 1620 1206 quae
1654 1131 1761 1185 est
1794 1121 1889 1185 illi
1920 1122 2142 1211 omn-is
2181 1120 2491 1201 potentia
2525 1120 2595 1183 in
2633 1139 2756 1183 suo

516 1219 793 1292 munde,
832 1229 904 1283 et
951 1221 1020 1282 in
1066 1217 1418 1285 telluribus
1454 1238 1627 1299 quae
1667 1217 1792 1279 sub
1830 1216 1976 1281 luce
2015 1226 2085 1280 et
2126 1214 2350 1279 calore
2388 1214 2529 1295 ejus
2574 1224 2753 1277 sunt.

514 1310 630 1374 Ex
676 1311 822 1375 sole
860 1312 1114 1388 mundi,
1150 1322 1223 1376 ut
1262 1331 1511 1401 eit-suo
1557 1311 1768 1385 fonte,
1803 1312 2161 1374 exiverunt
2195 1328 2394 1372 aurae
2426 1318 2498 1372 et
2529 1318 2754 1371 atmo-

514 1406 864 1486 sphaerae,
900 1426 1072 1488 quae
1117 1405 1429 1470 aetheres
1474 1415 1547 1469 et
1592 1424 1784 1469 aeres
1815 1415 2186 1482 vocantur;
2233 1402 2412 1467 unde
2443 1402 2755 1484 proxime

512 1500 765 1563 circum
800 1499 991 1565 illum
1035 1509 1142 1563 est
1189 1519 1389 1581 purus
1416 1499 1677 1574 aether,
1713 1508 1784 1563 et
1815 1499 2140 1563 remotius
2170 1497 2258 1561 ab
2291 1496 2410 1560 illo
2439 1496 2756 1587 aetheres

514 1594 736 1657 minus
768 1595 931 1674 puri,
965 1604 1039 1657 et
1069 1594 1351 1657 tandem
1380 1614 1593 1669 aeres,
1628 1594 1752 1657 sed
1798 1593 1866 1657 hi
1911 1604 1980 1657 et
2023 1592 2124 1657 illi
2169 1592 2418 1657 circum
2455 1590 2756 1655 tellures.

514 1687 625 1751 Illi
678 1688 992 1751 aetheres
1022 1698 1115 1753 ,et
1167 1708 1359 1752 aeres
1405 1687 1808 1751 volumatim
1859 1684 2054 1751 actae
2099 1685 2270 1752 dant
2315 1686 2636 1760 calorem,
2683 1694 2756 1749 at

513 1782 913 1863 singillatim
958 1780 1385 1847 modificatae
1431 1782 1600 1847 dant
1649 1781 1908 1860 lucem3
1958 1800 2076 1863 per
2110 1780 2278 1845 haec
2324 1789 2606 1844 exercet
2651 1778 2755 1843 sol

514 1874 630 1939 ille
682 1896 959 1939 omnem
1018 1896 1209 1941 suam
1270 1877 1674 1958 potentiam,
1730 1886 1802 1941 et
1863 1876 2175 1958 producit
2229 1893 2503 1937 omnem
2564 1891 2756 1943 suum

516 1966 831 2057 effectum
854 1980 1057 2033 extra
1086 1990 1183 2044 se,
1210 1971 1307 2035 ita
1338 1989 1457 2054 per
1480 1970 1796 2034 aetheres
1820 1980 1892 2034 et
1919 1989 2036 2051 per
2059 1988 2254 2031 aeres
2277 1966 2506 2031 medio
2529 1966 2756 2031 calore

512 2073 586 2128 et
618 2064 817 2127 simul
851 2065 1073 2128 media
1104 2063 1274 2128 luce.
1387 2064 1500 2127 Ex
1532 2064 1637 2127 his
1670 2072 1902 2145 potest
1935 2064 2159 2147 aliqua
2187 2061 2341 2126 idea
2371 2062 2640 2127 formari
2671 2062 2757 2125 de

513 2156 781 2223 infinita
816 2160 1126 2240 potentia
1159 2158 1434 2223 Domini
1469 2178 1585 2240 per
1616 2158 1938 2223 Divinum
1969 2156 2246 2221 Verum.
2347 2156 2457 2221 Ex
2492 2157 2653 2237 Ipso
2683 2166 2758 2221 ut

514 2249 685 2327 Sole,
729 2263 1221 2317 emanaverunt
1280 2252 1587 2317 similiter
1645 2274 1846 2317 aurae
1905 2262 1978 2317 et
2038 2251 2580 2333 atmosphaerae,
2635 2250 2758 2315 sed

514 2348 919 2427 spiritualeS,
953 2349 1110 2431 quia
1154 2368 1245 2413 ex
1292 2347 1541 2413 Divino
1580 2347 2008 2430 Amore,qui
2052 2347 2212 2413 facit
2257 2346 2444 2410 illum
2483 2344 2755 2411 Solem:

517 2442 698 2523 quod
732 2438 907 2503 tales
938 2441 1457 2523 atmosphaerae
1495 2442 1560 2504 in
1597 2444 1854 2507 mundo
1883 2442 2210 2523 spirituali
2247 2442 2405 2516 sint,
2441 2450 2758 2504 constare

520 2546 752 2616 potest
799 2556 887 2598 ex
936 2537 1376 2616 respiratione
1410 2536 1810 2618 angelorum
1842 2546 1914 2601 et
1943 2538 2318 2619 spirituum.
2423 2535 2654 2600 Aurae
2686 2544 2756 2599 et

517 2630 1037 2710 atmosphaerae
1084 2628 1241 2695 illae
1286 2630 1670 2711 spirituales
1715 2651 1886 2714 quae
1933 2633 2285 2713 proximae
2341 2630 2639 2693 Domino
2684 2639 2758 2693 ut

519 2720 661 2786 Soli
692 2733 873 2798 sunt,
901 2724 1293 2807 purissimae
1325 2736 1483 2789 sunt
1512 2746 1527 2803 ;
1575 2735 1648 2790 at
1683 2746 1800 2807 per
1832 2725 2082 2808 gradus
2111 2735 2418 2790 remotae
2449 2736 2608 2787 sunt
2641 2743 2761 2805 per

518 2816 768 2899 gradus
796 2818 1012 2881 minus
1044 2827 1113 2880 et
1148 2819 1365 2881 minus
1398 2838 1639 2899 purae:
1689 2820 1844 2883 inde
1883 2830 1987 2883 est
2012 2820 2195 2903 quod
2227 2829 2365 2883 tres
2397 2819 2568 2883 caeli
2598 2820 2756 2893 sint,

518 2910 829 2973 intimum
875 2910 1138 2974 caelum
1183 2913 1250 2975 in
1296 2932 1456 2976 aura
1501 2914 1786 2994 puriore,
1837 2915 2132 2977 medium
2179 2914 2442 2977 caelum
2487 2914 2556 2977 in
2600 2934 2760 2977 aura

520 3004 737 3069 minus
774 3006 959 3085 pura,
993 3014 1065 3069 et
1100 3005 1411 3072 ultimum
1446 3006 1712 3071 caelum
1757 3008 1826 3073 in
1863 3029 2023 3072 aura
2054 3008 2275 3072 adhuc
2309 3009 2529 3071 minus
2576 3028 2758 3089 pura.

520 3098 687 3163 Illae
720 3120 918 3163 aurae
951 3120 1071 3163 seu
1094 3102 1636 3182 atmosphaerae,
1664 3123 1836 3185 quae
1861 3102 2243 3184 spirituales
2275 3113 2456 3179 sunt,
2484 3105 2639 3185 quia
2667 3124 2758 3167 ex

519 3192 819 3257 Domino
879 3205 979 3257 ut·
1021 3192 1181 3258 Sole
1239 3197 1682 3272 exstiterunt,
1747 3198 2196 3261 communiter
2253 3195 2449 3262 actae
2509 3200 2760 3263 sistunt

518 3286 838 3362 calorem,
866 3298 936 3351 et
963 3288 1363 3369 singillatim
1388 3290 1817 3357 modificatae
1841 3293 2094 3355 sistunt
2129 3291 2348 3355 lucem
2371 3314 2387 3371 ;
2435 3291 2548 3357 ille
2573 3292 2762 3357 calor

518 3382 633 3464 qui
662 3382 729 3445 in
762 3402 883 3445 sua
915 3384 1213 3447 essentia
1242 3393 1349 3447 est
1382 3404 1593 3460 amor,
1620 3394 1692 3449 et
1723 3384 1840 3449 illa
1873 3385 1992 3449 lux
2017 3406 2188 3469 quae
2222 3387 2288 3449 in
2319 3406 2440 3449 sua
2463 3388 2762 3451 essentia

516 3486 627 3540 est
670 3477 1023 3557 sapientia,
1072 3477 1138 3539 in
1183 3479 1411 3558 specie
1456 3490 1788 3543 vocantur
1833 3479 2152 3544 Divinum
2198 3480 2480 3556 Verum,
2517 3500 2597 3545 ac
2643 3480 2763 3545 illa

516 3570 717 3633 simul
772 3590 925 3635 cum
978 3572 1175 3646 auriS,
1222 3592 1395 3653 quae
1441 3592 1710 3655 quoque
1764 3573 2146 3655 spirituales
2201 3586 2380 3651 sunt,
2429 3585 2763 3639 vocantur

518 3662 842 3727 Divinum
896 3665 1293 3746 procedens.
1400 3666 1513 3733 Ex
1568 3668 1672 3731 his
1723 3687 1900 3732 nunc
1953 3670 2124 3733 caeli
2183 3672 2394 3734 creati
2453 3679 2634 3746 sunt,
2689 3680 2762 3735 et

516 3778 788 3841 quoque
838 3758 1108 3839 mundi;
1174 3780 1332 3825 nam
1380 3782 1471 3825 ex
1520 3762 1848 3843 spirituali
1893 3764 2150 3827 mundo
2195 3765 2424 3827 omnia
2467 3786 2640 3847 quae
2692 3766 2760 3831 in

518 3852 812 3916 naturali
859 3853 1113 3918 mundo
1158 3855 1490 3931 existunt,
1538 3854 1868 3939 producta
1912 3868 2092 3933 sunt,
2131 3859 2306 3923 sicut
2350 3856 2626 3923 effectus
2669 3880 2760 3923 ex

516 3948 653 4010 suis
708 3948 927 4011 causis
978 3946 1449 4015 efficientibus.
1568 3950 1686 4016 Ex
1745 3952 1848 4015 his
1908 3972 2083 4017 nunc
2137 3954 2310 4018 sicut
2365 3954 2432 4016 in
2485 3954 2763 4037 speculo

521 4041 814 4104 naturali
844 4038 1135 4121 spectari
1182 4054 1415 4124 potest
1446 4047 1706 4109 creatio
1736 4047 1908 4112 caeli
1938 4057 2008 4112 et
2039 4056 2261 4113 terrae
2293 4068 2413 4130 per
2441 4049 2763 4117 Divinum

519 4132 781 4202 verum
804 4136 1183 4216 procedens
1214 4158 1255 4201 a
1289 4137 1587 4203 Domino
1611 4150 1686 4204 ut
1718 4138 1900 4218 Sole,
1925 4143 2039 4225 qui
2067 4163 2270 4224 supra
2296 4144 2524 4207 caelos
2547 4162 2761 4225 ange-

522 4226 687 4291 licos
718 4242 823 4293 est
848 4249 875 4291 ε-
914 4240 985 4294 et
1017 4251 1284 4315 quoque
1330 4232 1754 4316 aliquantum
1785 4236 2270 4318 comprehendi
2316 4248 2549 4320 potest
2568 4239 2759 4321 *quod

523 4322 818 4391 Domino
850 4323 1115 4391 infinita
1152 4329 1463 4409 potentia
1507 4329 1593 4395 sit
1643 4350 1762 4412 per
1792 4330 2111 4395 Divinum
2143 4333 2544 4414 procedens,
2571 4334 2760 4416 ‚quod

524 4417 592 4479 in
614 4438 865 4499 genere
892 4429 1173 4484 vocatur
1196 4420 1516 4487 Divinum
1542 4423 1821 4489 Verum.
1889 4424 2044 4491 Hoc
2068 4448 2334 4511 quoque
2359 4428 2762 4510 intelligitur

528 4529 642 4591 pet
670 4512 837 4581 haec
872 4512 1079 4579 verba
1112 4513 1321 4599 [apud
1352 4517 1796 4605 JohazmemJ,
