3259 5384
708 668 876 753 2346
1325 681 1827 736 APOCALYPSIS
1872 683 2323 735 EXPLICATA.

705 849 1123 935 significatur
1183 852 1251 917 id
1311 852 1632 917 Divinum
1686 851 1945 917 Verum
2005 853 2133 917 sibi
2185 869 2603 936 comparare.
2710 847 2953 916 Simile

707 947 1115 1029 intelligitur
1158 968 1279 1031 per

803 1077 1138 1130 'thesaurum
1165 1080 1538 1130 absconditum
1577 1078 1631 1128 in
1661 1094 1809 1142 agro,
1841 1080 2040 1144 “quem
2070 1087 2339 1142 repertum
2368 1078 2535 1128 homo
2563 1077 2867 1135 abscondit.
2896 1086 2955 1128 et

967 1159 1093 1208 prae
1115 1145 1313 1207 gaudio
1331 1145 1476 1204 abiit,
1495 1154 1550 1195 et
1572 1145 1759 1194 omnia
1781 1159 2126 1210 quaecunque
2142 1143 2377 1195 habebat
2394 1143 2651 1203 vendidit,
2668 1153 2725 1194 et
2746 1144 2911 1194 emit.
2928 1179 2945 1193 .

965 1224 1152 1273 agrum
1169 1209 1198 1230 '’
1221 1207 1573 1272 (Matthjxiii.
1597 1210 1712 1272 44):

704 1373 826 1442 per
886 1353 1390 1418 “thesaurum'’
1446 1353 1870 1436 significatur
1926 1352 2248 1417 Divinum
2304 1351 2567 1416 Verum
2625 1349 2807 1434 quod
2876 1351 2948 1414 in

705 1446 942 1511 Verbo
991 1457 1123 1522 est,
1169 1457 1242 1512 et
1297 1469 1418 1531 per
1466 1445 1812 1530 “agrum”
1854 1445 2276 1530 significatur
2325 1445 2617 1510 ecclesia
2669 1455 2743 1510 et
2800 1444 2953 1528 ejus

704 1537 1060 1620 doctrina3
1116 1561 1194 1605 ac
1251 1562 1373 1623 per
1419 1542 1773 1606 “vendere
1819 1561 2261 1624 quaecunque
2306 1540 2541 1616 habet,
2588 1551 2661 1604 et
2712 1559 2949 1604 emere

703 1633 1005 1716 agrum‚’'
1047 1634 1469 1718 significatur
1519 1635 1628 1700 hic
1684 1643 1760 1699 ut
1812 1655 2033 1717 supra,
2082 1633 2467 1698 abalienare
2522 1635 2813 1717 propria,
2871 1643 2946 1697 et

703 1748 1100 1812 comparare
1145 1729 1270 1792 sibi
1315 1729 1637 1793 Divinum
1674 1729 1955 1804 Verum,
1994 1729 2177 1810 quod
2222 1730 2289 1791 in
2333 1728 2627 1791 ecclesia
2663 1727 2947 1792 Domini

703 1832 831 1887 est.
921 1821 1263 1905 Quoniam
1305 1821 1793 1905 “negotiatio”
1830 1821 2261 1904 significabat
2298 1823 2821 1904 acquisitionem
2869 1833 2945 1886 et

701 1917 1202 1998 possessionem
1267 1917 1658 1994 veritatum,
1726 1917 1882 1982 ideo
1948 1917 2282 1980 Dominus
2350 1936 2471 1999 per
2538 1915 2945 1999 parabolam

703 2011 973 2076 locutus
1010 2021 1119 2076 est

802 2145 883 2196 De
917 2145 1137 2196 homine
1165 2159 1387 2208 peregre
1420 2143 1679 2209 presedio,
1705 2145 1845 2209 quod
1880 2145 2086 2196 dederit
2119 2145 2290 2196 servis
2324 2145 2437 2195 suis
2472 2145 2691 2206 talenta,
2724 2153 2787 2196 ut
2818 2159 2945 2196 cum

959 2211 1066 2261 mis
1090 2213 1506 2275 negotiarentur,
1530 2205 1586 2260 et
1606 2211 1939 2261 lucrarentur
1960 2211 2176 2274 (March.
2204 2225 2328 2262 xxv,
2356 2205 2589 2274 14-1‘130)
2608 2227 2623 2262 ε

699 2354 778 2401 ac
817 2337 904 2400 de
939 2337 1098 2414 alio,

797 2449 902 2516 Qui
925 2450 1090 2565 degli-122
1091 2451 1269 2576 ἔΐτνίε
1291 2452 1405 2501 suis
1431 2450 1620 2500 decem
1644 2451 1835 2512 minas,
1858 2460 1919 2502 ut
1952 2465 2073 2502 cum
2102 2451 2207 2502 illis
2236 2453 2639 2516 negotiarentur
2658 2449 2809 2516 (Luc.
2833 2452 2943 2504 xix.

699 2649 960 2716 Similia
986 2671 1108 2735 per
1129 2657 1170 2686 ‘⁴
1193 2651 1591 2735 negotiari,”
1611 2657 1652 2687 “
1672 2651 2240 2736 negotiationes?
2262 2672 2342 2717 ac
2362 2659 2403 2687 ‘⁴
2420 2652 2941 2735 negotiatores”

697 2743 1161 2827 significantur
1195 2745 1356 2810 alibi
1401 2748 1467 2810 in
1500 2746 1776 2812 Verbo:
1825 2757 1970 2812 tum
2014 2749 2222 2810 etiam
2255 2747 2326 2811 in
2362 2748 2683 2828 opposito
2708 2767 2935 2822 sensu,

693 2841 924 2998 {nlquo
952 2859 1072 2922 per
1101 2839 1252 2904 illas
1273 2839 1754 2924 -significantur
1785 2842 2209 2922 receptiones
2244 2850 2316 2905 et
2352 2841 2938 2922 appropriationes

719 2955 758 2998 a
785 2953 1012 2998 sorum

791 3066 890 3131 (Ut
909 3067 1059 3119 Esai.
1081 3067 1246 3119 xlviii.
1275 3080 1332 3130 15
1353 3082 1368 3128 ;
1391 3067 1576 3120 Επεὶ.
1597 3068 1706 3120 xvi.
1730 3080 1795 3132 3;
1828 3066 1977 3120 Ναὶ.
2000 3067 2073 3118 iii.
2100 3079 2189 3130 143
2224 3069 2379 3134 Apoc.
2402 3063 2603 3120 fflxvffl.
2628 3079 2676 3130 ³·
2704 3069 2905 3130 11-24).

693 3209 862 3274 Inde
899 3210 1208 3287 ecclesia,
1243 3211 1354 3276 ubi
1391 3210 1556 3276 talia
1589 3219 1774 3288 sunt,
1806 3221 2093 3276 vocatur

791 3343 1004 3395 “Terra
1035 3343 1461 3470 negotiatic3nis”
1493 3343 1699 3408 (Esca-lt.
1724 3343 1833 3395 xvi.
1860 3356 1957 3408 29;
2002 3359 2118 3409 cap.
2146 3343 2253 3396 xxi.
2282 3355 2361 3406 35.
2390 3343 2455 3406 36
2484 3340 2576 3410 [B.
2604 3345 2674 3395 A.
2702 3355 2782 3407 3ο,
2811 3339 2937 3410 3ῐ];

951 3424 1065 3473 cap.
1091 3425 1231 3460 xxix.
1255 3423 1316 3470 14
1335 3446 1350 3460 .

689 3551 1046 3617 Praeterea
1089 3571 1210 3634 per
1249 3551 1600 3616 “vendere
1616 3552 1649 3578 ”
1684 3561 1756 3617 et
1802 3571 1923 3634 per
1964 3552 2225 3616 “vendi
2238 3551 2269 3578 ''
2304 3551 2721 3634 significatur
2766 3552 2931 3616 aba·

687 3647 937 3712 lienare
981 3667 1144 3711 vera
1199 3666 1280 3710 ac
1337 3647 1703 3712 abalienari
1762 3648 1850 3712 ab
1892 3646 2046 3723 illis,
2093 3665 2172 3711 ac
2218 3667 2342 3730 pro
2384 3647 2517 3711 illis
2570 3657 2931 3728 acceptare

685 3742 855 3808 falsa
899 3751 973 3806 et
1022 3742 1347 3824 captivari
1383 3742 1472 3808 ab
1505 3741 1637 3805 illis

783 3885 949 3949 (Emi.
978 3886 1012 3937 l.
1041 3899 1066 3936 1
1089 3901 1102 3942 ;
1137 3901 1251 3950 cap.
1275 3886 1347 3938 lii.
1373 3899 1434 3948 3:
1469 3885 1653 3936 Enoch.
1672 3900 1794 3935 xxx.
1814 3897 1904 3936 12:
1946 3885 2073 3950 Joel
2093 3885 2161 3936 iv.
2188 3881 2280 3950 [B.
2304 3885 2373 3935 A.
2398 3883 2470 3934 iii.
2519 3883 2567 3944 6,
2592 3895 2651 3945 7:
2686 3883 2833 3933 Nak.
2858 3881 2929 3934 iii.

945 3952 1207 4078 &asach
1243 3953 1353 4002 xiii.
1389 3963 1448 4014 s:
1495 3951 1696 4002 Psalm.
1724 3951 1852 4001 xliv.
1880 3963 2040 4011 12-14
2076 3947 2168 4016 [B.
2191 3951 2259 4000 A.
2292 3962 2450 4011 11-13
2493 3965 2507 4001 ε
2554 3949 2739 4000 Dentr-
2767 3963 2928 4000 xxm.

685 4155 799 4219 Ex
837 4155 945 4219 his
979 4166 1296 4221 constare
1335 4165 1567 4238 potest
1599 4155 1761 4238 quid
1798 4155 2063 4237 proprie
2096 4153 2514 4238 significatur
2542 4175 2663 4238 per
2696 4153 2929 4218 “redi-

687 4249 824 4314 mi'’
875 4262 947 4315 et
1007 4269 1126 4332 per
1186 4249 1846 4335 “redemptionem,”
1899 4251 2009 4314 ubi
2066 4250 2153 4314 de
2211 4249 2548 4328 Domino;
2616 4259 2693 4313 ut
2744 4247 2923 4330 apud

687 4343 996 4420 Esaiam,

834 4477 1055 4530 “Gratis
1078 4479 1282 4531 venditi
1305 4479 1452 4541 estis,
1475 4480 1598 4531 ideo
1623 4495 1735 4532 non
1758 4495 1856 4546 pet
1876 4487 2159 4543 argentum
2184 4475 2565 4530 redimemini”
2588 4475 2686 4542 (ui.
2716 4478 2795 4542 3);

685 4629 757 4688 et
795 4619 1026 4686 multis
1062 4621 1129 4685 in
1169 4619 1336 4686 locis
1371 4620 1552 4685 alibi.
