3259 5384
606 696 792 746 2222·
1230 695 1738 750 APOCALYPSIS
1782 697 2235 750 EXPLICATA.

603 867 892 931 facultas
936 867 1312 932 desistendi
1355 890 1396 933 a
1441 869 1637 933 malis
1680 870 1856 934 sicut
1901 890 1942 933 a
1985 890 2105 949 se;
2166 869 2297 934 hoc
2342 870 2551 937 cuivis
2596 869 2869 934 homini

603 961 837 1024 datum
861 971 966 1026 est
997 983 1010 1025 :
1046 962 1202 1026 inde
1223 983 1402 1026 nunc
1423 974 1551 1038 est,
1574 965 1731 1047 quia
1748 964 1957 1028 homo
1978 984 2021 1027 a
2044 985 2117 1027 se
2139 973 2371 1045 potest
2390 964 2517 1028 sibi
2537 964 2863 1029 claudere

603 1056 890 1131 caelum,
919 1055 1160 1139 [quod]
1187 1059 1396 1121 etiam
1421 1059 1595 1123 sicut
1619 1079 1663 1122 a
1686 1079 1760 1122 se
1786 1060 2003 1140 possit
2027 1059 2284 1140 aperire
2305 1057 2571 1122 caelum
2596 1079 2613 1134 ;
2644 1057 2867 1120 modo

603 1149 764 1212 dum
789 1152 1052 1231 cogitat
1084 1161 1156 1214 et
1189 1152 1335 1215 vult
1364 1152 1693 1217 desistere
1724 1173 1767 1216 a
1796 1152 2014 1229 malis,
2038 1149 2307 1234 spthat
2338 1152 2426 1214 ad
2459 1151 2861 1224 Dominum,

602 1254 675 1307 et
699 1263 852 1308 cum
873 1245 1146 1310 desistit
1167 1257 1500 1328 agnoscat
1519 1247 1703 1329 quod
1725 1247 1815 1310 sit
1838 1267 1879 1310 a
1905 1247 2223 1310 Domino.
2292 1246 2607 1310 Remotis
2625 1246 2866 1327 itaque

605 1337 820 1414 maliS,
861 1349 1023 1404 tunc
1061 1350 1170 1403 est
1207 1340 1460 1404 bonum
1497 1342 1815 1425 quicquid
1852 1341 2061 1405 homo
2092 1340 2275 1416 facit,
2315 1341 2633 1423 quoniam
2671 1349 2780 1402 est
2820 1359 2867 1402 a

605 1432 903 1496 Domino
930 1454 946 1512 3
994 1444 1064 1497 et
1089 1435 1404 1517 quicquid
1435 1434 1645 1498 homo
1675 1454 1716 1497 a
1747 1434 2046 1499 Domino
2075 1434 2257 1510 facit,
2284 1453 2425 1498 non
2456 1443 2564 1496 est
2594 1431 2865 1496 morale

604 1527 935 1604 naturale,
964 1529 1084 1592 sed
1116 1539 1222 1592 est
1255 1529 1510 1593 morale
1540 1529 1911 1611 spirituale.
2004 1529 2201 1592 Nunc
2234 1530 2391 1612 quia
2421 1529 2719 1592 charitas
2748 1537 2865 1592 est

603 1642 694 1685 ex
728 1641 957 1686 amore
989 1623 1276 1686 faciendi
1308 1623 1562 1688 bonum
1595 1633 1874 1704 propter
1908 1623 2185 1700 bonum,
2212 1624 2309 1687 ita
2340 1643 2432 1686 ex
2464 1623 2667 1698 bon0,
2697 1641 2863 1703 pro·

603 1714 762 1778 inde
799 1737 889 1779 ex
931 1716 1246 1792 Domino,
1282 1718 1584 1800 sequitur
1615 1718 1797 1800 quod
1836 1717 2055 1782 facere
2092 1717 2345 1780 bonum
2384 1737 2473 1780 ex
2512 1717 2861 1780 charitate

603 1808 692 1870 sit
715 1809 1100 1890 spirituale3
1149 1821 1221 1875 at
1253 1812 1434 1894 quod
1466 1811 1687 1876 facere
1716 1812 1971 1875 bonum
2004 1833 2097 1874 ex
2128 1812 2537 1886 obedientia,
2566 1811 2725 1891 quia
2746 1820 2865 1876 est

607 1923 698 1966 ex
736 1921 968 1966 amore
1003 1906 1354 1981 mercedis,
1388 1907 1476 1969 sit
1513 1906 1843 1970 naturale.
1936 1905 2091 1969 Hoc
2124 1905 2432 1969 naturale
2468 1915 2576 1968 est
2612 1905 2683 1966 in
2720 1924 2865 1986 quo

607 2006 767 2060 sunt
800 1997 896 2060 illi
931 2000 1044 2080 qui
1079 1999 1146 2062 in
1179 2001 1459 2063 introitu
1491 2001 1578 2064 ad
1617 2001 1883 2064 caelum
1916 2010 2116 2078 sunt;
2165 2020 2299 2081 quo
2330 2000 2539 2064 etiam
2569 1999 2865 2062 veniunt

607 2089 704 2153 illi
755 2093 869 2174 qui
922 2093 1175 2156 bonum
1221 2093 1475 2158 faciunt
1527 2095 1739 2159 modo
1784 2115 1875 2158 ex
1922 2094 2333 2168 obedientia,
2380 2093 2493 2175 qui
2538 2103 2697 2156 sunt
2744 2093 2864 2174 qui

605 2183 916 2249 doctrina
959 2197 1031 2250 et
1076 2189 1216 2250 vita
1271 2189 1450 2270 apud
1507 2209 1580 2252 se
1625 2187 2032 2252 confirmant
2076 2187 2259 2270 quod
2304 2186 2473 2250 fides
2520 2187 2868 2268 producat

605 2281 785 2345 bona
820 2302 1047 2363 opera,
1087 2283 1261 2346 sicut
1299 2283 1498 2346 arbor
1533 2280 1805 2346 fruetus,
1900 2281 2172 2360 Quarta,
2237 2282 2597 2344 Praeterea
2630 2281 2861 2344 scien-

606 2377 768 2439 dum
821 2386 930 2439 est
975 2376 1158 2458 quod
1210 2376 1306 2439 illi
1359 2378 1470 2460 qui
1519 2377 1806 2441 credunt
1850 2377 2032 2459 quod
2078 2375 2245 2439 fides
2292 2375 2624 2457 producat
2672 2375 2865 2438 bona

606 2490 834 2552 opera,
883 2471 1058 2534 sicut
1105 2471 1303 2535 arbor
1347 2469 1621 2547 fructuS,
1670 2471 1879 2534 etiam
1926 2471 2209 2535 credant
2254 2471 2435 2552 quod
2482 2471 2861 2534 sortiantur

607 2564 871 2627 caelum
917 2573 1285 2647 antequam
1333 2564 1515 2628 mala
1559 2573 1719 2628 sunt
1764 2573 2030 2628 remota
2055 2585 2072 2642 ;
2135 2573 2206 2626 et
2253 2574 2485 2627 tamen
2534 2564 2863 2646 quamdiu

609 2658 792 2722 mala
821 2659 1001 2740 apud
1033 2659 1378 2722 hominem
1409 2669 1590 2734 sunt,
1623 2658 1807 2722 bona
1836 2676 2276 2741 quaecunque
2308 2657 2467 2722 facit
2500 2677 2637 2722 non
2671 2658 2863 2722 bona

609 2763 788 2828 sunt,
847 2773 1004 2816 nam
1065 2774 1156 2817 ex
1217 2753 1458 2818 arbore
1517 2753 1699 2817 mala
1758 2772 1895 2816 non
1956 2751 2067 2816 alii
2125 2750 2377 2817 sruc'tus
2430 2772 2632 2835 quam
2694 2752 2863 2816 mali

605 2857 1054 2926 enascuntur;
1102 2868 1306 2930 quare
1339 2850 1536 2912 unica
1565 2849 1675 2910 via
1707 2847 1795 2910 ad
1832 2846 2094 2910 caelum
2128 2856 2257 2922 est,
2292 2857 2369 2910 ut
2399 2847 2607 2910 homo
2636 2847 2859 2910 absti-

608 2952 769 3006 neat
814 2964 855 3007 a
899 2943 1094 3006 malis
1130 2963 1221 3005 ex
1259 2942 1516 3017 Verbo,
1555 2943 1715 3024 quia
1750 2952 2035 3024 peccata
2072 2951 2271 3018 sunt3
2324 2962 2497 3024 quae
2545 2942 2671 3004 nisi
2721 2943 2860 3022 pri-

607 3057 791 3101 mum
845 3047 1300 3112 removentur,
1356 3057 1494 3100 non
1553 3038 1803 3101 intrare
1864 3046 2093 3117 potest
2153 3036 2507 3111 DominuS,
2562 3045 2636 3099 et
2688 3035 2861 3100 dare

607 3131 892 3195 caelum.
1005 3131 1253 3208 Quinta
1281 3151 1504 3204 causa,
1537 3128 1778 3213 [quod]
1814 3130 1925 3211 qui
1956 3127 2267 3193 doctrina
2302 3139 2373 3192 et
2404 3131 2547 3192 vita
2576 3149 2651 3192 se
2684 3149 2859 3193 con-

607 3226 878 3290 firmant
916 3227 982 3289 in
1021 3247 1125 3302 eo,
1165 3227 1348 3309 quod
1385 3225 1552 3288 fides
1591 3224 1925 3306 producat
1962 3223 2144 3287 bona
2188 3243 2395 3304 opera
2432 3224 2606 3287 sicut
2652 3223 2863 3288 arbor

606 3320 879 3397 fructuS,
923 3340 1058 3385 non
1104 3321 1229 3383 sibi
1274 3319 1596 3383 claudant
1638 3318 1923 3392 caelum,
1963 3328 2069 3381 est
2116 3319 2271 3400 quia
2317 3337 2453 3380 non
2492 3316 2859 3383 falsificant

490 3425 498 3434 ’
604 3415 912 3480 Verbum
939 3417 1111 3478 sicut
1142 3413 1238 3476 illi
1271 3415 1382 3496 qui
1415 3414 1701 3477 credunt
1718 3410 2273 3493 justificationem
2303 3421 2375 3475 et
2400 3410 2857 3476 salvationem

605 3530 726 3592 per
761 3509 964 3573 fidem
1001 3509 1255 3591 absque
1301 3508 1498 3571 bonis
1541 3509 1897 3590 operibus;
1952 3507 2064 3588 qui
2110 3505 2312 3570 fidem
2351 3507 2608 3588 absque
2652 3505 2861 3570 bonis

608 3605 918 3686 operibus
955 3603 1263 3676 credunt,
1305 3601 1400 3664 illi
1445 3599 1805 3664 falsificant
1849 3601 2079 3664 omnia
2114 3599 2348 3675 Verbi,
2390 3601 2500 3662 ubi
2541 3597 2859 3674 “amor,”

611 3704 652 3732 “
669 3696 1022 3772 charitaS,”
1047 3703 1086 3730 ‘⁴
1105 3695 1346 3771 bona,”
1369 3701 1408 3726 “
1426 3693 1693 3776 opera,'‘
1718 3699 1757 3727 ‘⁶
1774 3691 2009 3768 facta?
2033 3699 2073 3727 “
2090 3695 2353 3774 operari
2367 3693 2396 3718 ”
2423 3705 2493 3757 et
2522 3699 2562 3726 “
2580 3692 2854 3758 sacere”

606 3794 918 3856 dicuntur
974 3801 1046 3854 et
1101 3790 1546 3866 mandantur;
1607 3798 1681 3852 et
1734 3788 1864 3851 hoc
1916 3807 2128 3870 usque
2180 3788 2267 3850 ad
2318 3785 2857 3852 destructionem

605 3887 831 3950 Divini
877 3885 1042 3950 Veri
1093 3886 1160 3949 in
1213 3884 1440 3957 caeliS,
1489 3882 1939 3963 intelligendo
1986 3901 2107 3962 per
2150 3881 2267 3944 illa
2312 3880 2420 3945 vel
2466 3880 2695 3957 fidem,
2744 3881 2857 3945 vel

606 3982 788 4045 bona
831 3979 1067 4043 mundi
1109 3977 1390 4042 moralia
1434 3986 1505 4039 et
1552 3975 1793 4050 civilia,
1832 3975 1943 4039 vel
1989 3976 2169 4057 quod
2217 3973 2401 4040 dicta
2444 3977 2580 4039 sint
2626 3975 2853 4040 solum

605 4095 728 4156 pro
759 4073 988 4155 vulgo,
1024 4083 1304 4154 propter
1333 4070 1474 4151 ejus
1507 4069 1665 4133 fidei
1701 4069 2208 4150 simplicitatem
2238 4091 2255 4148 ;
2303 4071 2725 4134 destruendo
2758 4072 2854 4136 sic

605 4171 824 4251 ipsum
858 4168 1178 4231 Divinum
1211 4166 1488 4241 Verum,
1519 4184 1641 4246 per
1666 4165 2296 4245 argumentationes
2320 4185 2411 4228 ex
2444 4166 2857 4246 impotentia

603 4265 892 4328 hominis
915 4261 1240 4344 implendi
1265 4261 1512 4343 legem,
1540 4279 1660 4341 per
1686 4270 1994 4321 naturam
2028 4257 2189 4322 boni
2220 4259 2308 4322 ab
2337 4260 2631 4333 homine,
2666 4260 2854 4342 quod

603 4378 742 4422 non
795 4359 886 4422 sit
929 4357 1206 4431 bonum,
1256 4375 1506 4437 perque
1552 4353 2003 4418 remotionem
2048 4353 2269 4416 meriti
2314 4354 2496 4435 quod
2540 4354 2855 4420 inhaeret

605 4455 800 4518 bonis
844 4452 932 4517 ab
976 4452 1287 4516 homine:
1349 4450 1470 4514 sed
1523 4449 1619 4512 illi
1672 4449 1785 4531 qui
1828 4447 2225 4530 simpliciter
2267 4446 2649 4530 adjungunt
2694 4449 2855 4514 fidei

604 4550 784 4613 bona
829 4568 1057 4630 opera,
1107 4566 1244 4610 non
1286 4544 1649 4609 falsificant
1694 4545 1922 4607 omnia
1957 4542 2077 4606 illa
2114 4542 2347 4618 Verbi,
2386 4553 2458 4606 et
2502 4543 2662 4607 inde
2710 4564 2851 4608 non

601 4655 956 4710 removent
987 4643 1192 4707 fidem
1221 4663 1312 4706 ex
1349 4661 1582 4706 amore
1615 4639 1765 4718 Dei,
1800 4649 1871 4704 et
1906 4660 2001 4704 ex
2030 4659 2117 4704 eo
2146 4639 2615 4721 operationem
2652 4638 2849 4704 Divi·
