3259 5384
664 660 831 711 2002
1260 642 1786 712 'ArocaLvPsm
1831 660 2282 713 EXPLICATA.

660 830 1005 894 hominem
1071 831 1159 894 ab
1223 830 1505 895 infantia
1569 841 1641 896 et
1714 834 1998 914 pueritia
2059 854 2100 896 a
2128 904 2140 915 ⁶
2170 833 2466 898 Domino
2532 833 2911 898 recondita.

660 923 892 987 Etiam
927 924 1174 1006 legitur
1206 926 1387 1010 quod
1424 927 1914 990 “traduxerint
1948 926 2120 991 filios
2152 948 2310 991 suos
2343 928 2539 991 idolis
2575 928 2663 991 ad
2697 928 2911 991 devo-

658 1018 1009 1093 randum‚”
1038 1020 1294 1102 “inque
1322 1020 1605 1096 cibum,”
1630 1031 1699 1086 et
1731 1026 1905 1103 “per
1931 1022 2221 1103 ignem,”
2247 1022 2314 1085 in
2339 1022 2786 1104 sequentibus
2807 1042 2914 1084 :—

658 1112 871 1195 Apud
907 1111 1341 1190 Ezechielem,

760 1247 889 1298 “Tu
914 1250 1193 1312 sumpsisti
1223 1248 1362 1299 filios
1392 1260 1513 1299 tuos
1540 1247 1621 1315 [et
1649 1250 1785 1299 filias
1813 1246 1976 1315 tuas],
2001 1265 2138 1315 quos
2168 1251 2422 1315 peperisti
2451 1249 2604 1311 Mihi,
2627 1260 2684 1301 et
2711 1250 2914 1301 sacrifi·

922 1314 1079 1364 casti.
1101 1314 1191 1364 ,iis
1213 1315 1281 1364 ad
1304 1316 1675 1365 devorandum
1697 1333 1707 1365 :
1746 1330 1876 1365 num
1901 1316 2004 1365 hoc
2029 1330 2215 1380 parum
2240 1316 2307 1366 de
2325 1317 2746 1366 scortationibus
2771 1317 2915 1365 tuis?

926 1377 1179 1431 Mastasti
1192 1418 1203 1430 .
1225 1418 1236 1429 .
1248 1380 1387 1430 filios
1404 1396 1571 1440 meos,
1587 1391 1643 1430 et
1661 1382 1924 1431 tradidisti
1944 1396 2056 1441 eos,
2071 1382 2199 1430 dum
2219 1382 2448 1431 transire
2466 1380 2640 1431 fecisti
2659 1382 2740 1432 eis
2759 1382 2910 1431 illos:

932 1482 945 1493 .
966 1482 978 1495 .
998 1482 1011 1495 .
1031 1444 1165 1495 ‚filia
1188 1446 1373 1495 matris
1398 1456 1560 1505 tuae„
1582 1483 1595 1495 .
1614 1484 1627 1497 .
1649 1456 1726 1496 .et
1750 1461 1904 1496 soror
1928 1456 1986 1495 tu
2009 1461 2296 1505 sororum..
2318 1446 2722 1497 ‚fastidiverunt
2747 1446 2912 1495 mari·

924 1519 1011 1559 tos
1034 1525 1163 1560 suos
1188 1519 1242 1560 et
1267 1511 1406 1561 filios
1431 1526 1561 1561 suos
1574 1510 1603 1531 ”
1627 1510 1755 1575 (xvi.
1782 1524 1860 1571 20,
1887 1508 2020 1571 [¹121.
2049 1512 2165 1575 45):

661 1643 831 1706 haec
856 1642 941 1705 de
966 1644 1581 1709 abominationibus
1608 1644 2169 1726 Hierosolymae:
2217 1665 2297 1708 ac
2329 1665 2448 1729 per
2475 1644 2908 1709 “sacrificare

664 1736 833 1800 filios
871 1746 941 1799 et
981 1736 1149 1801 filias
1186 1738 1388 1802 idolis
1423 1739 1511 1802 ad
1550 1739 2015 1802 devorandum
2033 1738 2062 1765 ”
2101 1738 2516 1821 significatur
2554 1740 2908 1803 destruere

662 1839 734 1894 et
772 1851 1170 1895 consumere
1202 1833 1429 1894 omnia
1459 1852 1622 1896 vera
1658 1842 1728 1897 et
1767 1834 1949 1896 bona
1985 1833 2355 1912 ecclesiae3
2403 1831 2712 1896 similiter
2742 1853 2908 1897 vera

662 1944 753 1987 ex
813 1924 1070 2001 Verb0,
1129 1944 1248 2007 per
1304 1922 1661 1990 “mactare
1720 1925 1950 2001 filios,”
2003 1937 2074 1989 et
2133 1928 2472 1990 “transire
2531 1925 2750 1990 facere
2809 1926 2908 1990 eis

662 2017 816 2082 illos
839 2018 893 2098 ;”
937 2020 1117 2101 quod
1156 2020 1623 2083 destruxerint
1662 2041 1824 2084 vera
1859 2030 1929 2085 et
1969 2020 2149 2084 bona
2186 2020 2398 2085 Verbi
2435 2040 2553 2102 per
2591 2019 2906 2083 falsifica-

665 2114 886 2177 tiones
918 2125 988 2177 et
1026 2113 1583 2188 adulterationeS,
1620 2112 2039 2195 significatur
2070 2133 2189 2195 per
2223 2115 2738 2178 “scortationes
2753 2112 2784 2139 ‘⁹
2813 2114 2908 2177 ibi

661 2216 733 2271 et
764 2207 924 2271 alibi
962 2208 1027 2271 in
1066 2228 1150 2271 eo
1186 2209 1431 2289 capite.
1521 2207 1732 2289 Apud
1771 2209 2086 2283 eundem,

764 2342 793 2364 ‘⁸
812 2340 1055 2389 Polluam
1086 2340 1206 2391 illos
1234 2354 1354 2390 cum
1384 2342 1542 2392 donis
1572 2342 1804 2401 illorum,
1827 2356 1896 2391 eo
1918 2342 2060 2405 quod
2090 2342 2424 2392 traduxerint
2451 2355 2669 2391 omnem
2694 2352 2908 2405 apertu-

926 2420 1041 2455 ram
1068 2406 1219 2465 uteri,
1244 2417 1303 2456 ut
1326 2408 1604 2457 devastent
1631 2407 1753 2456 illos
1773 2424 1810 2457 :.
1830 2444 1843 2457 .
1863 2444 1876 2457 .
1897 2422 2084 2471 ,quare
2107 2406 2314 2457 offertis
2338 2408 2504 2457 dona.
2526 2444 2562 2465 .‚
2581 2420 2702 2455 cum
2729 2407 2907 2455 tradu-

924 2472 1044 2597 {ff
1056 2471 1449 2599 ἑξξέεηιζεειτοε
1479 2486 1575 2535 ρει·
1603 2472 1802 2535 ignem,
1827 2486 1929 2521 vos
1959 2472 2146 2535 polluti
2177 2486 2272 2536 per
2298 2473 2484 2521 omnia
2509 2472 2655 2521 idola
2678 2470 2908 2521 vestra”

663 2651 1012 2715 destruere
1050 2672 1209 2715 vera
1256 2670 1373 2733 per
1410 2650 1593 2715 mala
1631 2653 1878 2716 amoris
1923 2652 2043 2728 sui,
2085 2662 2156 2717 et
2201 2673 2321 2736 per
2357 2654 2768 2736 cupiditates
2813 2674 2905 2717 ex

664 2748 955 2829 propri0‚
997 2745 1410 2829 significatur
1455 2767 1575 2829 per
1620 2752 1661 2779 ‘⁴
1683 2748 2038 2812 traducere
2084 2747 2258 2811 filios
2303 2768 2422 2829 per
2468 2750 2696 2831 ignem
2723 2748 2778 2827 ;”
2823 2770 2902 2814 ac

663 2858 785 2920 per
813 2837 1008 2914 salsa,
1042 2837 1466 2920 significatur
1496 2860 1618 2922 per
1657 2844 1698 2873 ‘⁴
1716 2838 1931 2923 pollui
1975 2839 2234 2902 idolis.”
2318 2856 2488 2913 (Quod
2518 2850 2544 2869 ··
2559 2856 2734 2901 inoff·
2763 2857 2907 2915 signi-

662 2935 805 2980 ficent
824 2934 942 2979 falsa
958 2934 1207 2980 doctrinae
1223 2941 1271 2980 et
1293 2935 1451 2980 cultus
1467 2948 1593 2994 quae
1610 2948 1672 2980 ex
1688 2936 1884 2993 propria
1905 2934 2230 2993 intelligentia,
2249 2934 2468 2981 videatur
2485 2948 2647 2994 supra,
2669 2949 2716 2982 n.
2741 2922 2903 3001 587.)

664 3000 873 3081 Apud
910 3001 1224 3076 eundem,

771 3132 949 3182 Ohola
966 3142 1022 3183 et
1044 3132 1278 3183 Oholiba
1296 3134 1604 3183 “scortatae
1629 3142 1770 3193 sunt,
1791 3142 1844 3183 et
1863 3135 2086 3197 sanguis
2110 3134 2165 3183 in
2185 3134 2434 3183 manibus
2457 3134 2685 3194 illarum.
2706 3145 2761 3186 et
2783 3150 2902 3185 cum

922 3198 1081 3248 idolis
1118 3200 1231 3249 suis
1268 3209 1532 3249 scortatae
1568 3209 1732 3255 sunt:
1772 3201 2039 3263 etiamque
2077 3200 2215 3249 filios
2251 3199 2398 3259 suos,
2432 3214 2567 3264 quos
2601 3210 2904 3263 genuerunt

924 3262 1076 3324 Mihi,
1100 3266 1451 3315 traduxerunt
1475 3264 1581 3315 illis
1604 3265 1660 3314 in
1691 3266 1868 3314 cibum
1885 3264 1912 3283 ”
1937 3265 2100 3325 (xxiii.
2126 3266 2239 3327 37);

660 3406 779 3468 ρει·
828 3383 1235 3449 “Oholam’'
1288 3394 1359 3449 et
1418 3382 1896 3450 “Oholibam”
1948 3386 2420 3467 intelliguntur
2473 3384 2780 3450 Samaria
2831 3397 2901 3452 et

662 3479 1166 3561 Hierosolyma,
1194 3488 1265 3543 et
1298 3498 1416 3560 per
1444 3484 1485 3511 ‘⁴
1506 3478 1882 3542 Samariam
1899 3479 1931 3505 ''
1954 3478 2358 3561 intelligitur
2389 3479 2678 3544 ecclesia
2710 3482 2901 3563 spiri-

660 3573 883 3650 tuali5‚
932 3594 1011 3637 ac
1059 3594 1177 3655 per
1213 3572 1868 3654 “Hierosolymam'’
1905 3571 2192 3637 ecclesia
2237 3573 2574 3650 caelestiS,
2617 3583 2902 3657 utraque

659 3667 884 3750 quoad
938 3666 1354 3745 do&rinam;
1418 3665 1922 3730 falsificationes
1975 3677 2048 3730 et
2101 3666 2634 3730 adulterationes
2688 3668 2901 3731 Verbi

658 3761 1123 3843 significantur
1168 3782 1288 3843 ρει·
1321 3762 1504 3844 quod
1547 3766 1951 3825 “scortatae
1996 3761 2190 3835 sint,”
2228 3772 2298 3825 et
2344 3761 2528 3844 quod
2570 3762 2900 3844 “sanguis

658 3857 723 3919 in
779 3856 1088 3919 manibus
1143 3855 1406 3919 illarum
1433 3855 1484 3933 ;”
1546 3854 1717 3937 salsa
1768 3856 1925 3919 inde
1980 3876 2070 3919 ex
2126 3856 2394 3937 propria
2446 3856 2902 3938 intelligentia

658 3948 1123 4033 significantur
1177 3969 1296 4031 per
1347 3949 1532 4031 quod
1585 3954 1795 4013 “cum
1855 3948 2054 4013 idolis
2107 3950 2242 4013 suis
2295 3956 2636 4013 scortatae
2691 3951 2826 4013 sint
2849 3947 2901 4026 ;”

658 4045 814 4108 inde
869 4054 1062 4126 patet
1118 4044 1276 4126 quid
1332 4042 1747 4125 significatur
1800 4062 1920 4125 per
1972 4043 2154 4125 quod
2212 4037 2440 4107 “'filios
2493 4063 2651 4107 suos
2705 4043 2900 4106 idolis

657 4140 1089 4203 traduxerint
1113 4140 1179 4202 in
1206 4136 1488 4212 cibum,”
1508 4157 1754 4219 nempe
1780 4138 1958 4220 quod
1985 4159 2145 4201 vera
2169 4159 2260 4201 ex
2282 4137 2517 4202 Verbo
2536 4139 2898 4201 destruxe-

658 4236 790 4298 rint
828 4253 947 4314 per
982 4231 1168 4296 falsa.
1260 4232 1600 4315 Quoniam
1643 4232 1814 4296 “filii
1830 4232 1859 4258 ”
1897 4230 2281 4315 significant
2321 4253 2500 4308 vera,
2542 4233 2698 4297 ideo

755 4371 784 4394 ‘⁸
797 4368 1015 4419 Semina
1036 4383 1171 4432 quae
1207 4368 1511 4418 ceciderunt
1538 4368 1593 4417 in
1623 4368 1824 4417 bonam
1854 4375 2051 4418 terram
2066 4367 2098 4388 ”
2121 4376 2383 4417 vocantur
2409 4382 2442 4416 a
2471 4366 2710 4417 Domino
2735 4369 2764 4391 ‘⁸
2781 4366 2898 4417 filii

917 4436 1069 4497 regni
1090 4434 1137 4493 ;”
1160 4450 1223 4483 ac
1240 4435 1268 4457 ‘⁴
1282 4434 1485 4483 zizania
1499 4432 1529 4453 ⁰⁹
1540 4448 1676 4498 quae
1692 4443 1818 4483 sunt
1835 4433 1985 4491 falsa,
2003 4435 2031 4456 ‘⁸
2051 4432 2167 4483 Filii
2185 4434 2310 4481 mali
2327 4434 2356 4453 ’⁹
2371 4434 2586 4493 (Martie.
2602 4430 2871 4495 xiii.t²138);

764 4500 902 4550 Tum
927 4500 1015 4564 qui
1041 4502 1095 4550 in
1122 4501 1263 4550 veris
1287 4510 1429 4559 sunt,
1455 4509 1717 4548 vocantur
1742 4500 1770 4522 ‘⁸
1789 4498 1906 4549 Filii
1930 4498 2106 4548 lucis'’
2131 4499 2280 4563 (Joh.
2305 4500 2393 4549 xii.
2422 4500 2538 4561 36);

764 4566 869 4629 Qui
895 4567 948 4615 in
966 4566 1219 4629 conjugio
1238 4568 1350 4615 veri
1370 4576 1423 4615 et
1445 4565 1572 4615 boni
1591 4580 1624 4613 a
1647 4565 1900 4623 Domino,
1919 4567 1946 4588 ⁸⁸
1965 4564 2080 4615 Filii
2101 4567 2407 4628 nuptiarum
2423 4563 2450 4585 ”
2467 4564 2655 4628 (Marc.
2673 4560 2863 4627 120119)
2881 4576 2894 4623 ς

766 4630 835 4683 Et
856 4632 945 4697 qui
970 4633 1269 4695 regenerati
1294 4642 1434 4689 sunt,
1462 4633 1493 4654 ‘⁸
1508 4630 1627 4681 Filii
1655 4630 1755 4681 Dei
1770 4630 1799 4652 ”
1824 4630 1972 4696 (Joh.
1997 4632 2030 4681 i.
2059 4631 2252 4693 11-13).
