3259 5384
669 704 709 754 2
720 706 745 754 1
758 703 837 772 52
1290 702 1794 758 APOCALYPSIS
1839 705 2293 758 EXPLlc-ATA.

665 870 845 934 sicut
874 869 1203 934 voluntas
1233 879 1307 934 et
1337 869 1756 948 intelleEtuS,
1790 891 1952 936 nam
1980 871 2254 938 affectio
2281 881 2392 937 est
2421 873 2814 937 voluntatis
2847 880 2920 938 et

665 963 1008 1046 cogitatio
1052 972 1159 1029 est
1204 963 1642 1046 intellectum
1679 977 2194 1050 consequenter
2228 976 2706 1050 unum-agunt
2738 969 2917 1032 >sicut

664 1056 923 1120 bonum
955 1067 1029 1121 et
1057 1077 1316 1122 verum.
1404 1059 1575 1124 Inde
1607 1068 1806 1143 patet
1835 1061 2022 1144 quod
2043 1062 2276 1126 vivere
2303 1062 2914 1144 secundum2prae-

664 1160 876 1232 cepta
919 1151 1198 1218 Domini
1243 1173 1334 1218 ex
1380 1152 1642 1229 Verb0,
1687 1174 1810 1218 seu
1849 1155 2279 1220 “observare
2335 1156 2676 1220 mandata
2720 1156 2914 1232 Dei,”

664 1244 1007 1328 significet
1043 1247 1277 1310 vivere
1311 1249 1529 1313 vitam
1564 1247 1723 1313 fidei
1757 1269 1934 1332 quae
1970 1259 2080 1313 est
2115 1248 2441 1314 charitas,

782 1353 977 1424 770.
1034 1341 1153 1404 ‘ft
1208 1341 1565 1407 habentibus
1632 1343 2038 1408 testimonium
2102 1344 2262 1408 dou
2329 1341 2910 1426 cha-icent''-Quod

662 1433 1005 1517 significet
1026 1445 1093 1498 et
1119 1447 1489 1518 agnoscunt
1508 1436 1844 1502 Divinum
1865 1439 1941 1500 in
1961 1435 2278 1502 Humano
2297 1437 2598 1514 Domini,
2621 1447 2906 1502 constat

664 1547 757 1591 ex
793 1528 1297 1611 significatione
1333 1531 1775 1595 “testimonii
1813 1529 1980 1614 Jesu
2023 1529 2343 1608 Christi,”
2373 1532 2560 1614 quod
2603 1531 2694 1597 sit
2739 1550 2909 1595 con-

662 1622 868 1687 fessio
911 1632 984 1687 et
1026 1623 1294 1706 agnitio
1340 1623 1571 1688 Divini
1617 1624 1898 1688 Domini
1941 1625 2010 1688 in
2055 1624 2388 1688 Humano
2433 1625 2658 1708 Ipsius
2703 1640 2792 1702 (rie
2818 1653 2916 1700 qua

660 1740 825 1788 suma·
844 1743 893 1776 m
919 1729 1062 1796 392·
1082 1713 1227 1796 635·
1249 1713 1394 1794 649.
1416 1727 1589 1796 749)-

1418 1973 1627 2013 msus
1655 1961 1712 2013 18
1739 1958 1831 2028 [B.
1854 1963 1926 2015 A.
1955 1963 2063 2014 xlii.
2089 1959 2162 2029 1]-

780 2117 963 2189 771·
1032 2106 1164 2168 ‘ft
1212 2104 1368 2169 stote·
1412 2124 1605 2187 supe-a
1659 2125 1918 2169 annam
1963 2105 2512 2188 mark.''--Quod
2563 2105 2909 2190 significet

660 2199 1220 2264 continuationem
1254 2208 1478 2264 status
1521 2198 1798 2263 illorum
1831 2200 1954 2282 qui
1982 2209 2116 2281 per
2148 2205 2190 2234 ‘⁸
2211 2199 2564 2264 draconem
2577 2199 2611 2226 '’
2641 2199 2907 2282 signifi-

660 2302 929 2368 cantur,
952 2302 1232 2356 constat
1258 2313 1350 2356 ex
1374 2291 1878 2375 significatione
1907 2299 1948 2326 ‘⁴
1964 2303 2152 2358 stare
2181 2313 2386 2376 super
2407 2314 2622 2359 arena
2643 2293 2908 2369 maris,”

661 2387 845 2470 quod
880 2389 970 2451 sit
1007 2387 1231 2453 adhuc
1262 2387 1496 2450 videre
1528 2387 1767 2471 quales
1801 2387 1902 2452 illi
1934 2398 2098 2453 sunt
2125 2389 2240 2472 qui
2274 2408 2398 2470 per
2423 2387 2861 2453 “draconem
2877 2387 2908 2413 '⁸

660 2480 1148 2563 intelliguntur
1170 2501 1188 2560 ς
1233 2500 1393 2545 nam
1419 2482 1728 2564 sequitur
1749 2481 1936 2565 quod
1959 2489 2000 2516 ‘⁴
2017 2482 2270 2546 viderit
2291 2503 2386 2546 ex
2407 2484 2580 2546 mari
2609 2483 2908 2547 bestiam

663 2574 1183 2648 ascendentem,
1221 2575 1329 2638 cui
1373 2574 1566 2638 dedit
1602 2575 1813 2639 draco
1849 2576 2180 2641 virtutem
2225 2595 2419 2640 suam
2463 2585 2536 2640 et
2579 2575 2906 2640 thronum

660 2688 857 2731 suum
894 2677 968 2732 et
1004 2677 1431 2750 potestatem
1470 2687 1663 2732 suam
1689 2667 1744 2747 ;”
1774 2677 1847 2734 et
1884 2679 2153 2751 postea,
2185 2671 2372 2751 quod
2406 2670 2714 2734 “viderit
2751 2669 2905 2733 bes-

662 2762 831 2826 tiam
875 2782 914 2825 e
958 2771 1144 2827 terra
1179 2763 1700 2837 ascendentem,
1739 2783 1915 2845 quae
1961 2763 2199 2826 locuta
2241 2773 2352 2826 est
2394 2764 2574 2826 sicut
2617 2759 2911 2840 draco;'’

661 2863 940 2938 praeter
982 2856 1179 2938 plura
1226 2876 1403 2940 quae
1462 2867 1881 2940 sequuntur:
1941 2866 2013 2920 et
2071 2857 2232 2940 quia
2284 2876 2406 2941 per
2447 2857 2604 2920 illas
2647 2857 2906 2921 bestias

662 2951 1106 3015 continuatur
1150 2951 1525 3034 descriptio
1581 2959 1812 3014 status
1862 2971 2098 3014 eorum
2157 2951 2271 3034 qui
2328 2951 2668 3015 dracones
2719 2960 2906 3026 sunt,

660 3065 873 3128 quare
896 3045 963 3108 id
988 3054 1097 3108 est
1120 3045 1305 3128 quod
1334 3043 1515 3128 [per]
1548 3049 1588 3077 ‘⁴
1606 3054 1796 3108 stare
1820 3064 2023 3127 super
2047 3065 2258 3108 arena
2281 3044 2488 3108 maris
2504 3044 2536 3070 ”
2557 3045 2905 3126 significa-

663 3147 797 3204 tur.
883 3139 1253 3203 Praeterea
1303 3159 1425 3222 per
1472 3144 1814 3202 “arenam
1866 3139 2074 3202 maris
2095 3138 2126 3162 ”
2171 3137 2597 3220 significatur
2645 3140 2904 3214 sterile,

662 3233 865 3318 quale
902 3243 1011 3298 est
1044 3233 1228 3315 apud
1270 3233 1451 3307 illos,
1491 3233 1605 3316 qui
1641 3232 1918 3315 quidem
1954 3232 2042 3296 de
2077 3230 2234 3306 fide,
2271 3233 2394 3296 sed
2437 3233 2605 3296 nihil
2642 3233 2731 3296 de
2767 3233 2908 3296 vita

661 3327 842 3403 fidei,
868 3348 1043 3410 quae
1074 3337 1182 3392 est
1212 3327 1538 3402 charita,
1572 3328 1933 3409 cogitant;
1977 3326 2094 3390 ubi
2123 3328 2306 3390 enim
2337 3326 2518 3391 tales
2547 3328 2618 3390 in
2649 3327 2906 3391 mundo

662 3421 1002 3503 spirituali
1038 3420 1383 3495 habitant,
1420 3420 1515 3484 ibi
1559 3440 1699 3485 non
1741 3430 2033 3503 apparet
2074 3420 2259 3484 aliud
2303 3439 2511 3504 quam
2547 3421 2906 3502 congeries

664 3515 995 3599 lapidum,
1041 3525 1113 3578 et
1170 3535 1444 3597 quoque
1498 3533 1732 3589 arena,
1786 3533 1866 3579 ac
1925 3534 2082 3578 raro
2137 3514 2418 3597 aliquod
2477 3533 2768 3596 gramen
2827 3532 2905 3578 ac

662 3609 1080 3693 virgultum3
1138 3610 1299 3673 inde
1356 3628 1630 3692 quoque
1687 3617 1820 3684 est,
1856 3608 2042 3691 quod
2100 3628 2223 3691 per
2261 3613 2604 3672 “arenam
2657 3609 2861 3672 maris
2876 3606 2907 3631 ”

663 3714 891 3769 status
923 3705 1221 3779 illorum,
1260 3703 1373 3785 qui
1417 3722 1539 3784 per
1574 3701 2009 3766 “draconem
2027 3701 2058 3728 ’'
2093 3702 2608 3785 intelliguntur,
2646 3700 2904 3784 signifi-

664 3807 881 3863 cetur.
