3259 5384
597 667 636 717 2
648 669 769 735 194
1216 663 1717 718 APOCALYPSIS
1761 661 2212 715 EXPLICATA.

597 829 1108 915 conjunctiones
1138 831 1473 898 bonorum
1504 852 1785 915 operum
1817 852 1970 897 cum
2009 831 2163 908 fide,
2197 851 2318 914 per
2347 851 2515 915 quas
2550 840 2842 914 apparet

598 928 771 992 sicut
826 927 1285 991 discordantia
1340 947 1493 991 cum
1550 927 1786 992 Verbo
1845 936 2186 991 summota
2244 935 2450 1002 esset,
2507 927 2842 1010 quasdam

600 1020 892 1086 creditas
945 1042 988 1085 a
1038 1021 1475 1104 simplicibus,
1524 1031 1595 1086 et
1650 1021 1977 1104 quasdam
2033 1022 2348 1084 inventas
2401 1020 2488 1084 ab
2533 1020 2841 1095 eruditis,

599 1114 888 1180 tradere.
982 1112 1104 1199 (1.)
1168 1113 1659 1196 simplicissimi
1713 1135 1851 1180 non
1898 1116 2120 1179 sciunt
2165 1114 2364 1179 aliter
2408 1133 2610 1197 quam
2655 1113 2844 1197 quod

601 1208 748 1273 sola
778 1207 947 1272 fides
976 1210 1065 1272 sit
1102 1210 1379 1273 credere
1415 1209 1533 1274 illa
1563 1229 1736 1292 quae
1773 1210 1840 1271 in
1874 1207 2110 1272 Verbo
2141 1217 2319 1283 sunt,
2352 1217 2425 1272 et
2461 1228 2636 1290 quae
2671 1207 2844 1272 doc-

601 1303 779 1366 trina
809 1303 1137 1366 ecclesiae
1168 1303 1324 1368 inde
1348 1305 1575 1368 docet.
1668 1303 1790 1386 (2.)
1840 1303 2066 1366 Minus
2089 1301 2429 1384 simplices
2454 1321 2592 1365 non
2617 1301 2847 1364 sciunt

600 1397 759 1481 quid
799 1397 947 1461 sola
982 1397 1169 1474 fides,
1210 1399 1331 1462 sed
1370 1398 1551 1482 quod
1590 1397 1758 1462 fides
1801 1399 1890 1462 sit
1929 1397 2202 1461 credere
2239 1397 2420 1480 quod
2457 1396 2848 1460 faciendum

604 1493 689 1555 sit
719 1512 734 1570 3
809 1493 1001 1573 pauci
1067 1513 1157 1556 ex
1219 1493 1349 1556 illis
1410 1493 1839 1575 distinguunt
1899 1492 2074 1556 inter
2133 1492 2408 1556 credere
2467 1499 2540 1554 et
2599 1489 2846 1553 facere.

610 1585 731 1668 (3.)
774 1585 914 1650 Alii
937 1608 1099 1652 vero
1122 1597 1481 1652 autumant
1506 1588 1688 1671 quod
1721 1586 1888 1651 fides
1913 1587 2245 1668 producat
2270 1586 2452 1650 bona
2473 1604 2701 1667 opera,
2718 1581 2848 1646 sed

602 1699 739 1743 non
786 1681 1099 1762 cogitant
1135 1683 1479 1764 quomodo
1515 1683 1846 1764 producit.
1940 1679 2060 1764 (4.)
2109 1678 2251 1744 Alii
2295 1680 2607 1762 cogitant
2656 1676 2844 1760 quod

603 1773 767 1838 fides
806 1777 1086 1840 omnino
1118 1777 1503 1857 praecedet,
1539 1787 1611 1840 et
1645 1776 1826 1859 quod
1863 1776 2046 1840 bona
2075 1795 2168 1839 ex
2203 1773 2322 1838 illa
2358 1774 2844 1856 producantur,

602 1877 721 1932 aut
752 1869 1060 1933 existant
1091 1871 1265 1934 sicut
1295 1868 1546 1934 fruetus
1577 1889 1667 1935 ex
1701 1871 1959 1946 arbore.
2053 1867 2174 1951 (5.)
2224 1868 2519 1950 Quidam
2552 1865 2850 1930 credunt

606 1962 787 2044 quod
832 1964 929 2026 ita
972 1961 1091 2026 fiat
1136 1983 1255 2045 per
1291 1965 1844 2045 cooperationem
1881 1964 1970 2028 ab
2012 1963 2308 2038 homine,
2347 1963 2622 2044 quidam
2659 1960 2849 2043 quod

606 2055 861 2139 absque
898 2056 1039 2137 ejus
1075 2059 1576 2139 cooperatione.
1671 2057 1790 2140 (6.)
1855 2056 1989 2122 Sed
2028 2058 2185 2141 quia
2215 2053 2590 2120 doctrinale
2627 2051 2852 2118 dietat

604 2151 785 2232 quod
816 2151 962 2214 sola
1007 2149 1175 2215 fides
1210 2151 1468 2233 absque
1507 2151 1704 2215 bonis
1741 2153 2056 2234 operibus
2093 2151 2334 2226 salvet,
2374 2150 2530 2214 ideo
2567 2149 2850 2231 quidam

604 2243 785 2308 bona
810 2263 1017 2325 opera
1050 2244 1237 2309 nihili
1268 2246 1596 2327 pendunt,
1625 2247 1934 2310 dicentes
1967 2246 2170 2309 corde
2196 2244 2378 2327 quod
2409 2244 2638 2308 omnia
2671 2263 2848 2325 quae

604 2337 858 2402 faciunt
902 2339 971 2402 in
1017 2335 1390 2420 conspeetu
1435 2338 1564 2403 Dei
1610 2341 1744 2403 sint
1790 2339 1991 2414 bona,
2033 2349 2105 2402 et
2150 2338 2332 2422 quod
2377 2336 2560 2400 mala
2603 2358 2644 2401 a
2689 2335 2852 2400 Deo

608 2452 744 2496 non
770 2433 1146 2497 videantur.
1239 2431 1359 2516 (7.)
1408 2432 1511 2497 At
1535 2435 1692 2517 quia
1715 2435 1925 2498 toties
1949 2436 2016 2497 in
2042 2432 2278 2498 Verbo
2301 2433 2619 2497 dicuntur
2645 2436 2686 2464 ‘⁴
2703 2431 2850 2495 fac-

604 2527 725 2591 ta”
762 2537 831 2592 et
874 2531 912 2560 ‘⁸
934 2525 1201 2609 opera,”
1238 2538 1382 2592 tum
1425 2527 1747 2592 “facere”
1783 2539 1854 2592 et
1896 2527 2271 2609 “operari,”
2303 2547 2392 2590 ex
2432 2527 2850 2592 necessitate

605 2621 1009 2685 conciliandi
1063 2620 1368 2686 Verbum
1426 2641 1579 2686 cum
1640 2621 1758 2685 illo
1812 2622 2160 2704 dogmate,
2215 2621 2624 2702 excogitant
2677 2640 2852 2685 con·-

595 2712 1000 2795 junctioneS,
1048 2715 1169 2780 sed
1224 2716 1696 2793 diversimode,
1745 2736 1955 2799 usque
2009 2725 2242 2780 tamen
2296 2713 2493 2790 tales,
2551 2724 2625 2779 ut
2677 2713 2853 2780 fides

604 2829 724 2892 per
760 2830 833 2874 se
878 2811 990 2886 sit,
1030 2821 1102 2874 et
1147 2831 1355 2893 opera
1392 2831 1511 2894 per
1556 2832 1630 2874 se
1676 2812 1836 2887 sint,
1877 2811 1967 2875 ob
2011 2829 2286 2874 causam
2333 2820 2408 2874 ut
2453 2810 2524 2873 in
2568 2809 2705 2874 fide
2757 2811 2851 2875 sit

608 2903 923 2979 salvatio,
971 2914 1042 2968 et
1098 2903 1265 2968 nihil
1316 2905 1385 2968 in
1431 2905 1766 2988 operibus
1890 2902 2012 2987 (8.)
2077 2903 2372 2986 Quidam
2417 2903 2852 2986 conjungunt

607 2996 810 3061 fidem
836 3016 989 3061 cum
1015 3006 1267 3061 conatu
1292 2997 1578 3062 faciendi
1606 2999 1860 3062 bonum
1887 2998 2067 3100 apud
2100 2998 2255 3062 illos
2278 2997 2390 3081 qui
2415 2998 2502 3061 ad
2529 2998 2852 3062 ultimum

599 3091 1103 3175 justificationis
1152 3092 1440 3174 gradum
1486 3103 1964 3176 pervenerunt,
2026 3069 2148 3157 sed
2208 3112 2361 3156 cum
2420 3103 2676 3157 conatu
2735 3093 2854 3176 qui

608 3187 775 3250 nihil
815 3185 1025 3251 trahit
1072 3207 1163 3250 ex
1208 3186 1595 3250 voluntario
1649 3186 1964 3263 hominiS,
2013 3188 2133 3250 sed
2181 3187 2402 3250 solum
2447 3208 2539 3251 ex
2583 3185 2854 3251 influxu

606 3303 726 3346 seu
770 3281 1234 3364 inspiratione,
1272 3283 1429 3363 quia
1459 3281 1713 3344 bonum
1759 3302 1850 3345 ex
1889 3280 2278 3346 voluntario
2322 3281 2620 3346 hominis
2661 3282 2736 3345 in
2775 3301 2852 3346 se

610 3397 747 3441 non
772 3377 1025 3440 bonum
1050 3385 1177 3440 est.
1255 3372 1375 3458 (9.)
1416 3373 1714 3458 Quidam
1739 3375 2163 3458 conjungunt
2189 3375 2394 3440 fidem
2418 3395 2572 3440 cum
2597 3377 2856 3440 merito

614 3471 910 3546 Domini,
959 3471 1269 3533 dicentes
1314 3469 1496 3552 quod
1542 3469 1610 3532 id
1657 3480 1977 3552 operetur
2021 3471 2249 3533 omnia
2293 3471 2478 3534 vitae
2523 3469 2852 3547 hominiS,

608 3587 694 3630 eo
731 3565 1101 3628 nesciente.
1194 3561 1357 3646 (ιο.)
1421 3561 1718 3645 Quidam
1756 3563 2180 3646 conjungunt
2218 3561 2421 3628 fidem
2458 3583 2614 3627 cum
2659 3563 2854 3628 bono

610 3657 849 3723 morali
879 3667 952 3721 et
984 3675 1137 3721 cum
1168 3656 1351 3720 bono
1382 3656 1583 3732 civili,
1618 3677 1790 3740 quae
1824 3658 2005 3721 bona
2035 3658 2343 3723 facienda
2374 3667 2532 3722 sunt
2565 3668 2858 3740 propter

609 3754 821 3817 vitam
860 3753 929 3814 in
960 3751 1235 3827 mund0,
1269 3761 1340 3815 et
1380 3769 1517 3814 non
1552 3761 1833 3833 propter
1863 3753 2076 3816 vitam
2115 3762 2505 3817 aeternam:
2553 3762 2624 3816 et
2663 3753 2854 3835 quod

611 3846 780 3910 haec
847 3846 1028 3909 bona
1092 3843 1566 3926 intelligantur
1624 3865 1743 3927 per
1793 3843 2078 3910 “facta''
2123 3855 2193 3910 et
2243 3845 2554 3928 “opera”
2599 3866 2680 3909 ac
2733 3867 2859 3930 per

616 3939 941 4004 “facere”
978 3949 1049 4003 et
1092 3939 1416 4021 “operari
1432 3937 1463 3964 ”
1498 3939 1567 4002 in
1606 3937 1861 4016 Verbo,
1903 3949 1973 4003 et
2020 3940 2201 4022 quod
2240 3950 2518 4022 propter
2552 3959 2715 4003 usus
2763 3941 2856 4005 ibi

611 4034 793 4097 bona
822 4054 1030 4116 opera
1065 4034 1377 4097 docenda
1408 4040 1480 4096 et
1512 4033 1970 4114 praedicanda
2007 4035 2143 4097 sint
2182 4054 2413 4098 coram
2445 4033 2658 4110 laiciS,
2691 4036 2858 4118 quia

610 4127 681 4190 hi
718 4147 967 4190 arcana
998 4123 1489 4207 conjunftionis
1520 4125 1676 4190 fidei
1713 4137 1785 4191 et
1823 4147 2102 4210 operum
2135 4148 2272 4192 non
2309 4129 2555 4204 sciunt,
2593 4137 2668 4192 et
2700 4131 2856 4212 qui·

611 4223 771 4286 dam
826 4241 961 4284 non
1015 4221 1312 4303 capiunt.
1406 4219 1572 4304 (11.)
1638 4221 1840 4286 Multi
1892 4243 1984 4286 ex
2030 4223 2310 4286 eruditis
2362 4231 2610 4305 putant
2663 4223 2856 4305 quod

610 4313 997 4396 conjunfitio
1028 4316 1327 4378 omnium
1360 4315 1452 4378 sit
1480 4315 1549 4378 in
1580 4313 1730 4379 sola
1761 4314 1933 4395 fide3
1981 4336 2248 4400 nempe,
2283 4317 2463 4399 quod
2502 4317 2570 4379 in
2609 4316 2732 4380 illa
2765 4319 2858 4385 sit

611 4428 803 4473 amor
838 4409 907 4472 in
947 4407 1189 4484 Deum,
1230 4408 1531 4472 charitas
1568 4428 1734 4492 erga
1770 4409 2179 4491 proximum,
2221 4411 2310 4474 sit
2347 4411 2601 4473 bonum
2640 4411 2855 4486 vitae,

612 4503 749 4566 sint
804 4521 1030 4585 opera,
1079 4503 1167 4566 sit
1221 4503 1535 4566 meritum
1584 4501 1882 4579 Domini,
1931 4504 2019 4567 sit
2067 4503 2291 4582 Deus;
2352 4513 2625 4586 praeter
2670 4505 2858 4588 quod

612 4596 822 4660 homo
878 4597 1023 4678 ipse
1076 4596 1326 4679 aliquid
1372 4597 1459 4661 de
1504 4596 1638 4660 illis
1683 4617 1774 4660 ex
1827 4617 1902 4661 se
1955 4599 2242 4682 cogitet,
2290 4597 2460 4664 velit
2506 4609 2577 4663 et
2623 4599 2855 4665 faciat.
