3259 5384
597 629 762 697 2252
1063 671 1072 680 .
1223 627 1721 680 APOCALYPSIS
1767 627 2215 678 EXPLICATA.

597 815 771 878 quae
803 796 1008 872 vitae,
1042 816 1216 879 quae
1246 796 1498 862 facient
1531 797 1896 878 genuinam
1937 793 2319 860 doctrinam
2352 814 2443 857 ex
2475 792 2751 868 verbe,
2788 801 2867 856 et

595 911 770 971 quae
807 891 964 954 inde
1003 890 1428 972 theologiam
1465 892 1534 954 in
1573 889 1967 954 Christiano
1998 888 2207 954 orbe?
2252 887 2345 952 Et
2376 889 2533 970 quia
2560 887 2753 952 haec
2794 887 2867 952 in

597 982 714 1046 illa
741 983 873 1047 fide
898 1004 1036 1047 non
1063 986 1333 1059 dantur,
1361 985 1665 1066 sequitur
1688 984 1868 1066 quod
1894 1003 2033 1048 non
2058 981 2279 1046 solum
2303 983 2393 1044 sit
2427 981 2594 1046 fides
2610 981 2869 1046 ,inanis

598 1087 670 1140 et
695 1097 933 1151 vacua,
957 1076 1078 1140 sed
1105 1078 1314 1140 etiam
1337 1076 1504 1140 fides
1531 1098 1667 1141 non
1694 1078 1853 1141 veri.
1917 1075 2249 1139 Mirantur
2274 1073 2469 1138 multi
2494 1076 2559 1138 in
2584 1073 2870 1138 mundo

600 1170 952 1253 spirituali,
975 1181 1046 1234 et
1071 1191 1312 1234 omnes
1336 1171 1404 1234 in
1431 1171 1648 1245 cae10,
1676 1171 1858 1254 quod
1890 1169 2246 1252 theologia
2270 1167 2639 1234 Christiani
2669 1168 2871 1231 orbis

599 1263 873 1328 redacta
912 1266 998 1329 sit
1036 1267 1103 1327 in
1145 1265 1359 1328 talem
1383 1265 1816 1328 inanitatem
1856 1274 1927 1328 et
1965 1266 2406 1338 vacuitatem,
2446 1272 2520 1325 ut
2556 1261 2867 1324 tandem

599 1377 874 1421 omnem
935 1358 1123 1422 illam
1182 1359 1645 1422 concluserint
1712 1360 1780 1420 in
1842 1357 2337 1422 enuntiativum
2398 1355 2869 1437 cogitationis

601 1451 830 1516 dabile
863 1454 1074 1517 etiam
1113 1453 1311 1516 malis
1349 1474 1439 1516 ex
1479 1454 1723 1517 timore
1760 1451 1997 1515 inferni
2033 1453 2101 1514 in
2147 1451 2319 1516 hora
2361 1451 2643 1526 mortis:
2689 1448 2868 1512 inde

603 1547 784 1628 apud
831 1547 1178 1630 perplures
1225 1568 1314 1610 ex
1362 1546 1776 1610 Reformatis
1820 1547 1888 1608 in
1936 1544 2329 1608 Christiano
2372 1545 2533 1606 orbe
2570 1553 2869 1625 reperta

599 1651 708 1704 est
755 1641 914 1704 talis
961 1643 1270 1705 vacuitas
1313 1640 1530 1722 qualis
1575 1640 1756 1722 apud
1802 1638 2213 1702 Pontificios.
2302 1637 2763 1720 Expendant,
2806 1637 2867 1700 si

607 1735 850 1811 velint,
885 1755 1045 1798 num
1077 1736 1301 1818 aliqua
1338 1735 1468 1798 illis
1505 1755 1653 1799 sors
1690 1735 1869 1798 inter
1898 1731 2186 1814 angelos
2222 1731 2397 1796 caeli
2426 1732 2569 1794 dari
2602 1733 2863 1812 possit,

601 1851 886 1912 quorum
919 1830 1382 1912 intelligentia
1413 1839 1519 1894 est
1552 1849 1641 1892 ex
1672 1829 1849 1891 veris
1882 1829 1949 1890 in
1982 1826 2237 1901 Verbo,
2273 1846 2353 1890 ac
2386 1827 2733 1908 sapientia
2766 1845 2865 1888 ex

609 1926 785 1988 veris
837 1921 1014 2000 ac'tu,
1071 1945 1242 2007 quae
1291 1933 1626 1987 vocantur
1678 1923 1883 1986 bona.
1974 1920 2131 1985 Hoc
2185 1939 2455 2005 quoque
2501 1930 2609 1982 est
2666 1919 2864 2002 quod

599 2020 1009 2102 intelligitur
1045 2039 1164 2101 per
1201 2018 1478 2082 Domini
1507 2018 1737 2092 verba,

695 2149 728 2172 ‘⁸
746 2145 928 2276 Filitgs)
945 2147 1184 2198 hominis
1211 2148 1339 2198 dum
1364 2147 1561 2206 veniet,
1587 2161 1717 2196 num
1740 2145 1984 2196 inveniet
2012 2143 2172 2194 fidem
2199 2145 2253 2194 in
2280 2153 2422 2194 terra
2432 2142 2488 2194 ?”
2520 2143 2671 2203 (Luc.
2697 2143 2857 2193 xviii.

730 2343 924 2428 (viii.)
991 2343 1188 2422 Quod
1230 2365 1341 2408 nec
1382 2345 1451 2406 in
1497 2341 1674 2406 milla
1718 2343 1812 2407 sit
1855 2342 2085 2425 aliqua
2118 2341 2301 2425 fides
2346 2341 2415 2403 in
2459 2339 2852 2415 Dominum,

597 2458 708 2501 nec
749 2439 1004 2520 agnitio
1047 2439 1292 2502 Divim‘
1327 2440 1397 2501 in
1433 2437 1745 2501 Humano
1788 2437 2017 2520 Ipsius
2033 2459 2063 2510 ,·
2110 2437 2221 2519 qui
2267 2437 2450 2499 enim
2497 2434 2853 2517 supplicat

597 2533 892 2608 Patrem,
923 2543 996 2597 ut
1031 2536 1429 2597 misereatur
1453 2543 1736 2616 propter
1770 2531 2015 2595 Filium
2053 2550 2268 2604 suum,
2298 2531 2352 2593 is
2384 2531 2528 2593 adit
2562 2529 2854 2592 Patrem

597 2637 668 2691 et
708 2647 844 2690 non
885 2628 1028 2691 adit
1070 2627 1460 2703 Dominum,
1489 2647 1643 2690 cum
1678 2636 1908 2690 tamen
1950 2625 2293 2688 Dominus·
2323 2622 2678 2687 adeundus
2712 2632 2849 2698 est,

598 2731 704 2784 est
743 2723 922 2784 enim
956 2719 1084 2785 Ille
1123 2721 1310 2785 Deus
1347 2721 1516 2785 caeli
1551 2731 1620 2784 et
1660 2731 1922 2798 terrae;
1971 2741 2049 2783 ac
2076 2717 2383 2782 Verbum
2415 2719 2619 2780 docet
2658 2715 2851 2799 quod

599 2811 804 2876 Pater
835 2833 972 2875 non
1005 2815 1221 2895 possit
1255 2813 1422 2876 adiri
1456 2814 1582 2875 nisi
1613 2833 1653 2874 a
1686 2811 2009 2884 Domin0‚
2044 2819 2114 2872 et
2148 2811 2213 2872 in
2261 2809 2563 2871 Domino
2600 2825 2857 2884 (utsupra

597 2925 840 2964 ostensum
876 2920 991 2978 est),
1025 2913 1173 2966 tum
1217 2903 1402 2986 quod
1452 2900 1621 2966 fides
1664 2903 1794 2967 erit
1838 2903 1904 2964 in
1953 2899 2369 2977 Dominum;
2431 2898 2603 2961 dicit
2658 2899 2849 2962 enirn

599 2997 958 3075 DominuS,

699 3131 842 3196 “Qui
867 3133 1036 3183 credit
1057 3133 1111 3182 in
1139 3132 1348 3192 Filium,
1367 3134 1528 3183 habet
1554 3133 1719 3182 vitam
1744 3143 2019 3182 aeternam
2042 3147 2053 3189 ς
2124 3133 2178 3182 ui
2198 3145 2329 3180 vero
2354 3147 2465 3181 non
2488 3131 2659 3181 credit
2686 3130 2854 3192 Filio,

861 3213 970 3248 non
999 3198 1198 3248 videbit
1221 3199 1402 3259 vitam,
1428 3199 1524 3248 sed
1547 3198 1628 3248 ira
1654 3195 1754 3247 Dei
1780 3210 1964 3248 manet
1986 3211 2091 3262 apu
2151 3197 2302 3247 illum
2318 3195 2348 3218 '⁹
2371 3197 2521 3262 (Joh.
2545 3197 2614 3246 iii.
2649 3195 2736 3259 36)
2758 3210 2775 3254 ;

601 3299 770 3362 tum,

698 3403 728 3426 ‘⁸
745 3379 917 3451 Haec.
938 3409 1046 3451 ‚est
1069 3400 1321 3452 voluntas
1348 3400 1538 3458 Patris.
1563 3401 1653 3464 qui
1678 3400 1825 3450 misit
1851 3399 1957 3459 Me,
1986 3411 2045 3450 ut
2070 3400 2248 3450 omnis
2273 3400 2361 3463 qui
2388 3399 2532 3449 videt
2560 3398 2777 3458 Filium,
2796 3409 2855 3450 et

861 3467 1028 3515 credit
1063 3467 1117 3515 in
1151 3465 1351 3528 Ipsum,
1375 3467 1572 3514 habeat
1597 3466 1763 3514 vitam
1799 3477 2091 3524 aeternam,
2117 3475 2171 3514 et
2204 3466 2526 3515 exsuscitem
2563 3463 2713 3513 illum
2752 3479 2852 3514 ex·

863 3541 1035 3581 tremo
1057 3532 1145 3580 die
1161 3529 1191 3552 '⁸
1214 3531 1364 3596 (Joh.
1389 3532 1460 3582 vi.
1485 3527 1656 3592 1²14o);

600 3635 676 3690 ut
715 3636 810 3701 et,

699 3739 921 3806 “Jesus.
943 3741 1113 3818 digit,
1132 3739 1248 3803 Ego
1266 3753 1386 3818 sum
1405 3735 1729 3820 resurreetio
1746 3751 1801 3819 eut
1814 3741 1926 3790 vita
1946 3755 1957 3799 ;
1987 3741 2077 3818 qui
2092 3739 2261 3820 credit
2275 3741 2330 3790 in
2354 3737 2463 3799 Me,
2476 3741 2581 3788 ‘etsi
2596 3727 2854 3818 &mor-ip:

862 3816 981 3922 {¹32
984 3815 1138 3920 {¹13³ss
1149 3821 1380 3933 ςηεὶξῗιῗῗ]
1385 3819 1551 3934 ἑῗτὲὁ
1551 3821 1647 3932 31:11
1676 3817 1827 3866 vivat,
1852 3817 1907 3856 et
1934 3809 2105 3856 credit
2132 3821 2186 3907 in
2218 3805 2329 3866 Me,
2354 3821 2463 3868 non
2501 3807 2765 3856 morietur
2794 3819 2853 3856 m

601 4010 674 4065 et
705 4002 907 4065 alibi:
956 4003 1232 4066 credere
1269 4003 1336 4066 in
1378 4001 1608 4085 Ipsum
1645 4013 1717 4067 et
1758 4021 1893 4066 non
1932 4000 2117 4066 adire
2156 4002 2410 4085 Ipsum,
2443 4003 2565 4065 sed
2600 4020 2853 4084 rogare

604 4096 875 4159 Patrem
923 4105 1203 4178 propter
1251 4097 1503 4179 Ipsum,
1539 4117 1677 4160 non
1724 4107 1829 4160 est
1874 4099 2155 4161 credere
2214 4099 2281 4160 in
2330 4098 2605 4179 Ipsum;
2688 4111 2850 4158 nam

605 4192 826 4253 omnis
865 4189 1032 4254 fides
1069 4191 1211 4254 adit
1247 4192 1476 4273 Ipsum
1515 4193 1580 4255 in
1619 4211 1821 4274 quem
1861 4192 2071 4255 homo
2106 4193 2363 4255 credit:
2410 4207 2621 4274 quare
2658 4191 2851 4254 adire

604 4293 677 4348 et
715 4285 947 4348 videre
985 4285 1256 4348 Patrem
1296 4282 1677 4368 negabatur
1716 4286 2049 4370 Philippo,
2084 4295 2155 4350 et
2194 4287 2548 4350 dicebatur
2596 4299 2605 4306 ·

861 4427 1018 4494 Quod
1043 4430 1223 4480 videre
1250 4427 1542 4480 Dominum
1567 4431 1639 4481 sit
1663 4431 1845 4480 videre
1872 4431 2085 4482 Patrem
2110 4428 2259 4497 (Joh.
2284 4432 2390 4482 xiv,
2416 4429 2597 4493 7-11):

607 4560 766 4625 inde
791 4581 1060 4646 quoque
1083 4579 1326 4628 omnes
1355 4584 1394 4627 a
1419 4563 1675 4627 morbis
1698 4563 1947 4628 salvati
1970 4573 2129 4629 sunt
2154 4564 2266 4648 qui
2290 4564 2851 4648 supplicaverunt
