<?xml version="1.0" encoding="UTF-8"?>
<!DOCTYPE html PUBLIC "-//W3C//DTD XHTML 1.0 Transitional//EN"
    "http://www.w3.org/TR/xhtml1/DTD/xhtml1-transitional.dtd">
<html xmlns="http://www.w3.org/1999/xhtml" xml:lang="en" lang="en">
 <head>
  <title>
</title>
<meta http-equiv="Content-Type" content="text/html;charset=utf-8" />
  <meta name='ocr-system' content='tesseract 3.04.00' />
  <meta name='ocr-capabilities' content='ocr_page ocr_carea ocr_par ocr_line ocrx_word'/>
</head>
<body>
  <div class='ocr_page' id='page_1' title='image "./apocalypsisexpl00unkngoog_0423.png"; bbox 0 0 3259 5384; ppageno 0'>
   <div class='ocr_carea' id='block_1_1' title="bbox 955 655 2617 736">
    <p class='ocr_par' dir='ltr' id='par_1_1' title="bbox 955 655 2617 736">
     <span class='ocr_line' id='line_1_1' title="bbox 955 655 2617 736; baseline -0.001 -19"><span class='ocrx_word' id='word_1_1' title='bbox 955 665 1118 718; x_wconf 81' lang='lat' dir='ltr'>CAP.</span> <span class='ocrx_word' id='word_1_2' title='bbox 1151 667 1334 731; x_wconf 68' lang='lat' dir='ltr'>xm„</span> <span class='ocrx_word' id='word_1_3' title='bbox 1367 666 1577 720; x_wconf 78' lang='lat' dir='ltr'><strong>VERS.</strong></span> <span class='ocrx_word' id='word_1_4' title='bbox 1618 666 1874 734; x_wconf 79' lang='lat' dir='ltr'><strong>14.-—-N.</strong></span> <span class='ocrx_word' id='word_1_5' title='bbox 1906 655 2051 736; x_wconf 87' lang='lat'>829.</span> <span class='ocrx_word' id='word_1_6' title='bbox 2454 665 2617 734; x_wconf 82' lang='lat'><strong>2325</strong></span> 
     </span>
    </p>
   </div>
   <div class='ocr_carea' id='block_1_2' title="bbox 375 833 2623 4686">
    <p class='ocr_par' dir='ltr' id='par_1_2' title="bbox 375 833 2623 4298">
     <span class='ocr_line' id='line_1_2' title="bbox 391 833 2621 918; baseline -0.001 -20"><span class='ocrx_word' id='word_1_7' title='bbox 391 836 614 912; x_wconf 79' lang='lat' dir='ltr'><strong>ritate,</strong></span> <span class='ocrx_word' id='word_1_8' title='bbox 641 855 780 899; x_wconf 89' lang='lat' dir='ltr'>non</span> <span class='ocrx_word' id='word_1_9' title='bbox 814 836 1038 900; x_wconf 86' lang='lat' dir='ltr'>sciunt</span> <span class='ocrx_word' id='word_1_10' title='bbox 1064 835 1224 918; x_wconf 92' lang='lat' dir='ltr'>quid</span> <span class='ocrx_word' id='word_1_11' title='bbox 1255 845 1435 900; x_wconf 83' lang='lat' dir='ltr'>sunt.</span> <span class='ocrx_word' id='word_1_12' title='bbox 1527 833 1787 918; x_wconf 86' lang='lat' dir='ltr'>Angeli</span> <span class='ocrx_word' id='word_1_13' title='bbox 1819 835 2007 900; x_wconf 85' lang='lat' dir='ltr'>tertii</span> <span class='ocrx_word' id='word_1_14' title='bbox 2036 833 2231 910; x_wconf 89' lang='lat' dir='ltr'>caeli,</span> <span class='ocrx_word' id='word_1_15' title='bbox 2258 835 2414 917; x_wconf 89' lang='lat' dir='ltr'>quia</span> <span class='ocrx_word' id='word_1_16' title='bbox 2444 833 2621 897; x_wconf 89' lang='lat' dir='ltr'>tales</span> 
     </span>
     <span class='ocr_line' id='line_1_3' title="bbox 387 928 2620 1014; baseline -0.001 -22"><span class='ocrx_word' id='word_1_17' title='bbox 387 939 564 1006; x_wconf 88' lang='lat' dir='ltr'>sunt,</span> <span class='ocrx_word' id='word_1_18' title='bbox 612 941 949 1014; x_wconf 82' lang='lat' dir='ltr'>apparent</span> <span class='ocrx_word' id='word_1_19' title='bbox 1009 951 1241 994; x_wconf 89' lang='lat' dir='ltr'>coram</span> <span class='ocrx_word' id='word_1_20' title='bbox 1293 931 1558 1012; x_wconf 86' lang='lat' dir='ltr'>angelis</span> <span class='ocrx_word' id='word_1_21' title='bbox 1615 929 2000 994; x_wconf 82' lang='lat' dir='ltr'>inferiorum</span> <span class='ocrx_word' id='word_1_22' title='bbox 2054 928 2397 992; x_wconf 88' lang='lat' dir='ltr'>caelorum</span> <span class='ocrx_word' id='word_1_23' title='bbox 2445 929 2620 991; x_wconf 90' lang='lat' dir='ltr'>sicut</span> 
     </span>
     <span class='ocr_line' id='line_1_4' title="bbox 386 1022 2621 1107; baseline -0.001 -22"><span class='ocrx_word' id='word_1_24' title='bbox 386 1023 698 1100; x_wconf 74' lang='lat' dir='ltr'>infanteS,</span> <span class='ocrx_word' id='word_1_25' title='bbox 754 1025 1028 1107; x_wconf 90' lang='lat' dir='ltr'>quidam</span> <span class='ocrx_word' id='word_1_26' title='bbox 1083 1025 1260 1088; x_wconf 90' lang='lat' dir='ltr'>sicut</span> <span class='ocrx_word' id='word_1_27' title='bbox 1314 1025 1523 1107; x_wconf 89' lang='lat' dir='ltr'>pueri,</span> <span class='ocrx_word' id='word_1_28' title='bbox 1580 1032 1653 1088; x_wconf 93' lang='lat' dir='ltr'>et</span> <span class='ocrx_word' id='word_1_29' title='bbox 1714 1043 1953 1088; x_wconf 87' lang='lat' dir='ltr'>omnes</span> <span class='ocrx_word' id='word_1_30' title='bbox 2006 1025 2183 1088; x_wconf 89' lang='lat' dir='ltr'>sieut</span> <span class='ocrx_word' id='word_1_31' title='bbox 2238 1022 2621 1104; x_wconf 87' lang='lat' dir='ltr'>simplices;</span> 
     </span>
     <span class='ocr_line' id='line_1_5' title="bbox 385 1115 2622 1202; baseline -0.001 -20"><span class='ocrx_word' id='word_1_32' title='bbox 385 1125 532 1182; x_wconf 89' lang='lat' dir='ltr'>tum</span> <span class='ocrx_word' id='word_1_33' title='bbox 568 1119 780 1182; x_wconf 84' lang='lat' dir='ltr'>etiam</span> <span class='ocrx_word' id='word_1_34' title='bbox 817 1119 1144 1182; x_wconf 90' lang='lat' dir='ltr'>incedunt</span> <span class='ocrx_word' id='word_1_35' title='bbox 1181 1118 1364 1182; x_wconf 86' lang='lat' dir='ltr'>nudi.</span> <span class='ocrx_word' id='word_1_36' title='bbox 1457 1115 1661 1198; x_wconf 82' lang='lat' dir='ltr'>Quod</span> <span class='ocrx_word' id='word_1_37' title='bbox 1698 1127 2076 1202; x_wconf 82' lang='lat' dir='ltr'><strong>appareant</strong></span> <span class='ocrx_word' id='word_1_38' title='bbox 2115 1117 2290 1181; x_wconf 89' lang='lat' dir='ltr'>sicut</span> <span class='ocrx_word' id='word_1_39' title='bbox 2328 1116 2622 1179; x_wconf 86' lang='lat' dir='ltr'>infantes</span> 
     </span>
     <span class='ocr_line' id='line_1_6' title="bbox 385 1210 2621 1295; baseline -0.002 -19"><span class='ocrx_word' id='word_1_40' title='bbox 385 1219 456 1276; x_wconf 89' lang='lat' dir='ltr'>et</span> <span class='ocrx_word' id='word_1_41' title='bbox 511 1212 688 1276; x_wconf 88' lang='lat' dir='ltr'>sicut</span> <span class='ocrx_word' id='word_1_42' title='bbox 741 1214 950 1294; x_wconf 88' lang='lat' dir='ltr'>pueri,</span> <span class='ocrx_word' id='word_1_43' title='bbox 1009 1223 1118 1276; x_wconf 90' lang='lat' dir='ltr'>est</span> <span class='ocrx_word' id='word_1_44' title='bbox 1170 1212 1326 1295; x_wconf 91' lang='lat' dir='ltr'>quia</span> <span class='ocrx_word' id='word_1_45' title='bbox 1378 1213 1446 1276; x_wconf 89' lang='lat' dir='ltr'>in</span> <span class='ocrx_word' id='word_1_46' title='bbox 1501 1213 1894 1276; x_wconf 81' lang='lat' dir='ltr'>innocentia</span> <span class='ocrx_word' id='word_1_47' title='bbox 1944 1221 2129 1286; x_wconf 90' lang='lat' dir='ltr'>sunt,</span> <span class='ocrx_word' id='word_1_48' title='bbox 2185 1221 2257 1274; x_wconf 91' lang='lat' dir='ltr'>et</span> <span class='ocrx_word' id='word_1_49' title='bbox 2310 1229 2503 1274; x_wconf 87' lang='lat' dir='ltr'>arnor</span> <span class='ocrx_word' id='word_1_50' title='bbox 2552 1210 2621 1272; x_wconf 91' lang='lat' dir='ltr'>in</span> 
     </span>
     <span class='ocr_line' id='line_1_7' title="bbox 385 1303 2620 1387; baseline -0 -20"><span class='ocrx_word' id='word_1_51' title='bbox 385 1304 754 1369; x_wconf 88' lang='lat' dir='ltr'>Dominum</span> <span class='ocrx_word' id='word_1_52' title='bbox 786 1327 826 1368; x_wconf 90' lang='lat' dir='ltr'>a</span> <span class='ocrx_word' id='word_1_53' title='bbox 860 1305 1158 1370; x_wconf 87' lang='lat' dir='ltr'>Domino</span> <span class='ocrx_word' id='word_1_54' title='bbox 1191 1316 1297 1369; x_wconf 91' lang='lat' dir='ltr'>est</span> <span class='ocrx_word' id='word_1_55' title='bbox 1330 1307 1725 1369; x_wconf 90' lang='lat' dir='ltr'>innocentia</span> <span class='ocrx_word' id='word_1_56' title='bbox 1751 1326 1766 1384; x_wconf 91' lang='lat'>;</span> <span class='ocrx_word' id='word_1_57' title='bbox 1814 1305 1971 1368; x_wconf 88' lang='lat' dir='ltr'>inde</span> <span class='ocrx_word' id='word_1_58' title='bbox 1998 1305 2206 1368; x_wconf 90' lang='lat' dir='ltr'>etiam</span> <span class='ocrx_word' id='word_1_59' title='bbox 2244 1303 2421 1387; x_wconf 87' lang='lat' dir='ltr'>[per]</span> <span class='ocrx_word' id='word_1_60' title='bbox 2460 1305 2620 1368; x_wconf 59' lang='lat' dir='ltr'>f‘in-</span> 
     </span>
     <span class='ocr_line' id='line_1_8' title="bbox 385 1397 2621 1483; baseline 0 -22"><span class='ocrx_word' id='word_1_61' title='bbox 385 1397 656 1463; x_wconf 80' lang='lat' dir='ltr'>santes&#39;&#39;</span> <span class='ocrx_word' id='word_1_62' title='bbox 701 1409 772 1462; x_wconf 97' lang='lat' dir='ltr'>et</span> <span class='ocrx_word' id='word_1_63' title='bbox 828 1420 946 1481; x_wconf 90' lang='lat' dir='ltr'>per</span> <span class='ocrx_word' id='word_1_64' title='bbox 995 1405 1296 1483; x_wconf 87' lang='lat' dir='ltr'>“pueros</span> <span class='ocrx_word' id='word_1_65' title='bbox 1319 1399 1350 1424; x_wconf 91' lang='lat'>&#39;&#39;</span> <span class='ocrx_word' id='word_1_66' title='bbox 1396 1401 1464 1462; x_wconf 91' lang='lat' dir='ltr'>in</span> <span class='ocrx_word' id='word_1_67' title='bbox 1511 1398 1747 1464; x_wconf 93' lang='lat' dir='ltr'>Verbo</span> <span class='ocrx_word' id='word_1_68' title='bbox 1792 1399 2187 1462; x_wconf 89' lang='lat' dir='ltr'>innocentia</span> <span class='ocrx_word' id='word_1_69' title='bbox 2231 1408 2302 1462; x_wconf 93' lang='lat' dir='ltr'>et</span> <span class='ocrx_word' id='word_1_70' title='bbox 2356 1418 2621 1480; x_wconf 89' lang='lat' dir='ltr'>quoque</span> 
     </span>
     <span class='ocr_line' id='line_1_9' title="bbox 383 1490 2618 1576; baseline -0.001 -20"><span class='ocrx_word' id='word_1_71' title='bbox 383 1512 574 1557; x_wconf 86' lang='lat' dir='ltr'>amor</span> <span class='ocrx_word' id='word_1_72' title='bbox 618 1495 688 1556; x_wconf 90' lang='lat' dir='ltr'>in</span> <span class='ocrx_word' id='word_1_73' title='bbox 736 1493 1104 1557; x_wconf 86' lang='lat' dir='ltr'>Dominum</span> <span class='ocrx_word' id='word_1_74' title='bbox 1151 1493 1590 1576; x_wconf 87' lang='lat' dir='ltr'>significatur.</span> <span class='ocrx_word' id='word_1_75' title='bbox 1685 1492 1889 1574; x_wconf 81' lang='lat' dir='ltr'>Quod</span> <span class='ocrx_word' id='word_1_76' title='bbox 1935 1501 2313 1574; x_wconf 85' lang='lat' dir='ltr'>appareant</span> <span class='ocrx_word' id='word_1_77' title='bbox 2361 1490 2618 1575; x_wconf 88' lang='lat' dir='ltr'>simpli-</span> 
     </span>
     <span class='ocr_line' id='line_1_10' title="bbox 382 1585 2619 1672; baseline -0.001 -22"><span class='ocrx_word' id='word_1_78' title='bbox 382 1607 518 1662; x_wconf 81' lang='lat' dir='ltr'>ceS,</span> <span class='ocrx_word' id='word_1_79' title='bbox 557 1598 667 1652; x_wconf 90' lang='lat' dir='ltr'>est</span> <span class='ocrx_word' id='word_1_80' title='bbox 714 1590 871 1672; x_wconf 90' lang='lat' dir='ltr'>quia</span> <span class='ocrx_word' id='word_1_81' title='bbox 915 1609 1052 1654; x_wconf 91' lang='lat' dir='ltr'>non</span> <span class='ocrx_word' id='word_1_82' title='bbox 1101 1589 1188 1652; x_wconf 91' lang='lat' dir='ltr'>de</span> <span class='ocrx_word' id='word_1_83' title='bbox 1233 1586 1488 1652; x_wconf 64' lang='lat' dir='ltr'>sanctis</span> <span class='ocrx_word' id='word_1_84' title='bbox 1535 1587 1707 1651; x_wconf 91' lang='lat' dir='ltr'>caeli</span> <span class='ocrx_word' id='word_1_85' title='bbox 1754 1597 1825 1650; x_wconf 87' lang='lat' dir='ltr'>et</span> <span class='ocrx_word' id='word_1_86' title='bbox 1865 1587 2193 1650; x_wconf 90' lang='lat' dir='ltr'>ecclesiae</span> <span class='ocrx_word' id='word_1_87' title='bbox 2240 1585 2423 1668; x_wconf 89' lang='lat' dir='ltr'>loqui</span> <span class='ocrx_word' id='word_1_88' title='bbox 2461 1606 2619 1669; x_wconf 89' lang='lat' dir='ltr'>pos-</span> 
     </span>
     <span class='ocr_line' id='line_1_11' title="bbox 384 1680 2621 1765; baseline 0 -21"><span class='ocrx_word' id='word_1_89' title='bbox 384 1692 542 1746; x_wconf 86' lang='lat' dir='ltr'><strong>sunt</strong></span> <span class='ocrx_word' id='word_1_90' title='bbox 571 1703 588 1761; x_wconf 88' lang='lat'>;</span> <span class='ocrx_word' id='word_1_91' title='bbox 639 1682 758 1746; x_wconf 91' lang='lat' dir='ltr'>illa</span> <span class='ocrx_word' id='word_1_92' title='bbox 783 1685 964 1748; x_wconf 89' lang='lat' dir='ltr'>enim</span> <span class='ocrx_word' id='word_1_93' title='bbox 995 1684 1175 1765; x_wconf 90' lang='lat' dir='ltr'>apud</span> <span class='ocrx_word' id='word_1_94' title='bbox 1209 1703 1328 1747; x_wconf 92' lang='lat' dir='ltr'>eos</span> <span class='ocrx_word' id='word_1_95' title='bbox 1361 1702 1497 1746; x_wconf 90' lang='lat' dir='ltr'>non</span> <span class='ocrx_word' id='word_1_96' title='bbox 1530 1683 1598 1744; x_wconf 90' lang='lat' dir='ltr'>in</span> <span class='ocrx_word' id='word_1_97' title='bbox 1631 1682 1959 1745; x_wconf 88' lang='lat' dir='ltr'>memoria</span> <span class='ocrx_word' id='word_1_98' title='bbox 1990 1691 2169 1756; x_wconf 91' lang='lat' dir='ltr'>sunt,</span> <span class='ocrx_word' id='word_1_99' title='bbox 2197 1680 2377 1742; x_wconf 88' lang='lat' dir='ltr'>unde</span> <span class='ocrx_word' id='word_1_100' title='bbox 2401 1681 2621 1744; x_wconf 90' lang='lat' dir='ltr'>omnis</span> 
     </span>
     <span class='ocr_line' id='line_1_12' title="bbox 383 1767 2619 1860; baseline -0.001 -21"><span class='ocrx_word' id='word_1_101' title='bbox 383 1775 680 1860; x_wconf 90' lang='lat' dir='ltr'>loquela,</span> <span class='ocrx_word' id='word_1_102' title='bbox 717 1777 838 1842; x_wconf 91' lang='lat' dir='ltr'>sed</span> <span class='ocrx_word' id='word_1_103' title='bbox 871 1778 938 1841; x_wconf 90' lang='lat' dir='ltr'>in</span> <span class='ocrx_word' id='word_1_104' title='bbox 970 1779 1154 1855; x_wconf 87' lang='lat' dir='ltr'>vita;</span> <span class='ocrx_word' id='word_1_105' title='bbox 1202 1788 1273 1842; x_wconf 91' lang='lat' dir='ltr'>et</span> <span class='ocrx_word' id='word_1_106' title='bbox 1305 1777 1461 1840; x_wconf 91' lang='lat' dir='ltr'>inde</span> <span class='ocrx_word' id='word_1_107' title='bbox 1493 1767 1562 1840; x_wconf 79' lang='lat' dir='ltr'>in‘</span> <span class='ocrx_word' id='word_1_108' title='bbox 1593 1773 1947 1839; x_wconf 69' lang='lat' dir='ltr'>intellectu</span> <span class='ocrx_word' id='word_1_109' title='bbox 1980 1795 2116 1838; x_wconf 92' lang='lat' dir='ltr'>non</span> <span class='ocrx_word' id='word_1_110' title='bbox 2148 1775 2321 1837; x_wconf 90' lang='lat' dir='ltr'>sicut</span> <span class='ocrx_word' id='word_1_111' title='bbox 2354 1775 2619 1856; x_wconf 87' lang='lat' dir='ltr'>cogita-</span> 
     </span>
     <span class='ocr_line' id='line_1_13' title="bbox 385 1868 2618 1951; baseline -0.001 -17"><span class='ocrx_word' id='word_1_112' title='bbox 385 1872 504 1946; x_wconf 85' lang='lat' dir='ltr'>tio,</span> <span class='ocrx_word' id='word_1_113' title='bbox 539 1872 663 1934; x_wconf 91' lang='lat' dir='ltr'>sed</span> <span class='ocrx_word' id='word_1_114' title='bbox 702 1872 878 1935; x_wconf 90' lang='lat' dir='ltr'>sicut</span> <span class='ocrx_word' id='word_1_115' title='bbox 916 1869 1184 1935; x_wconf 63' lang='lat' dir='ltr'>affectio</span> <span class='ocrx_word' id='word_1_116' title='bbox 1221 1872 1382 1935; x_wconf 91' lang='lat' dir='ltr'>boni</span> <span class='ocrx_word' id='word_1_117' title='bbox 1419 1871 1486 1934; x_wconf 88' lang='lat' dir='ltr'>in</span> <span class='ocrx_word' id='word_1_118' title='bbox 1526 1891 1646 1934; x_wconf 87' lang='lat' dir='ltr'>sua</span> <span class='ocrx_word' id='word_1_119' title='bbox 1682 1869 1917 1944; x_wconf 83' lang='lat' dir='ltr'>forma,</span> <span class='ocrx_word' id='word_1_120' title='bbox 1952 1889 2125 1951; x_wconf 90' lang='lat' dir='ltr'>quae</span> <span class='ocrx_word' id='word_1_121' title='bbox 2163 1887 2300 1932; x_wconf 91' lang='lat' dir='ltr'>non</span> <span class='ocrx_word' id='word_1_122' title='bbox 2334 1868 2618 1933; x_wconf 88' lang='lat' dir='ltr'>descen-</span> 
     </span>
     <span class='ocr_line' id='line_1_14' title="bbox 383 1963 2616 2048; baseline -0.001 -20"><span class='ocrx_word' id='word_1_123' title='bbox 383 1963 483 2029; x_wconf 86' lang='lat' dir='ltr'>dit</span> <span class='ocrx_word' id='word_1_124' title='bbox 536 1967 606 2029; x_wconf 90' lang='lat' dir='ltr'>in</span> <span class='ocrx_word' id='word_1_125' title='bbox 661 1986 1090 2044; x_wconf 85' lang='lat' dir='ltr'>sermonem;</span> <span class='ocrx_word' id='word_1_126' title='bbox 1153 1987 1325 2048; x_wconf 86' lang='lat' dir='ltr'>quae</span> <span class='ocrx_word' id='word_1_127' title='bbox 1382 1968 1438 2029; x_wconf 90' lang='lat' dir='ltr'>si</span> <span class='ocrx_word' id='word_1_128' title='bbox 1492 1965 1966 2039; x_wconf 87' lang='lat' dir='ltr'>descenderet,</span> <span class='ocrx_word' id='word_1_129' title='bbox 2016 1983 2153 2027; x_wconf 84' lang='lat' dir='ltr'>non</span> <span class='ocrx_word' id='word_1_130' title='bbox 2206 1963 2616 2046; x_wconf 89' lang='lat' dir='ltr'>loqueretur,</span> 
     </span>
     <span class='ocr_line' id='line_1_15' title="bbox 381 2058 2615 2144; baseline -0.002 -21"><span class='ocrx_word' id='word_1_131' title='bbox 381 2061 498 2124; x_wconf 89' lang='lat' dir='ltr'>sed</span> <span class='ocrx_word' id='word_1_132' title='bbox 531 2061 744 2124; x_wconf 88' lang='lat' dir='ltr'>modo</span> <span class='ocrx_word' id='word_1_133' title='bbox 776 2071 1053 2125; x_wconf 88' lang='lat' dir='ltr'>sonaret</span> <span class='ocrx_word' id='word_1_134' title='bbox 1088 2083 1104 2140; x_wconf 90' lang='grc'>;</span> <span class='ocrx_word' id='word_1_135' title='bbox 1150 2071 1222 2125; x_wconf 88' lang='lat' dir='ltr'>et</span> <span class='ocrx_word' id='word_1_136' title='bbox 1253 2060 1350 2123; x_wconf 87' lang='lat' dir='ltr'>illi</span> <span class='ocrx_word' id='word_1_137' title='bbox 1383 2060 1606 2144; x_wconf 89' lang='lat' dir='ltr'>quide</span> <span class='ocrx_word' id='word_1_138' title='bbox 1639 2059 1889 2123; x_wconf 89' lang='lat' dir='ltr'>talibus</span> <span class='ocrx_word' id='word_1_139' title='bbox 1923 2078 2059 2121; x_wconf 91' lang='lat' dir='ltr'>non</span> <span class='ocrx_word' id='word_1_140' title='bbox 2094 2058 2275 2141; x_wconf 88' lang='lat' dir='ltr'>loqui</span> <span class='ocrx_word' id='word_1_141' title='bbox 2306 2068 2615 2141; x_wconf 89' lang='lat' dir='ltr'>possunt,</span> 
     </span>
     <span class='ocr_line' id='line_1_16' title="bbox 381 2153 2616 2238; baseline -0.002 -20"><span class='ocrx_word' id='word_1_142' title='bbox 381 2165 717 2238; x_wconf 86' lang='lat' dir='ltr'>apparent</span> <span class='ocrx_word' id='word_1_143' title='bbox 756 2155 882 2218; x_wconf 85' lang='lat' dir='ltr'>sibi</span> <span class='ocrx_word' id='word_1_144' title='bbox 928 2166 998 2219; x_wconf 91' lang='lat' dir='ltr'>et</span> <span class='ocrx_word' id='word_1_145' title='bbox 1045 2155 1196 2219; x_wconf 86' lang='lat' dir='ltr'>aliis</span> <span class='ocrx_word' id='word_1_146' title='bbox 1240 2157 1416 2221; x_wconf 90' lang='lat' dir='ltr'>sicut</span> <span class='ocrx_word' id='word_1_147' title='bbox 1463 2153 1847 2238; x_wconf 86' lang='lat' dir='ltr'>simplices:</span> <span class='ocrx_word' id='word_1_148' title='bbox 1906 2163 2051 2218; x_wconf 88' lang='lat' dir='ltr'>tum</span> <span class='ocrx_word' id='word_1_149' title='bbox 2097 2154 2305 2216; x_wconf 91' lang='lat' dir='ltr'>etiam</span> <span class='ocrx_word' id='word_1_150' title='bbox 2352 2153 2507 2234; x_wconf 86' lang='lat' dir='ltr'>quia</span> <span class='ocrx_word' id='word_1_151' title='bbox 2550 2153 2616 2214; x_wconf 89' lang='lat' dir='ltr'>in</span> 
     </span>
     <span class='ocr_line' id='line_1_17' title="bbox 381 2247 2617 2331; baseline -0.001 -19"><span class='ocrx_word' id='word_1_152' title='bbox 381 2249 772 2313; x_wconf 88' lang='lat' dir='ltr'>humilitate</span> <span class='ocrx_word' id='word_1_153' title='bbox 818 2251 1042 2313; x_wconf 90' lang='lat' dir='ltr'>cordis</span> <span class='ocrx_word' id='word_1_154' title='bbox 1087 2261 1270 2324; x_wconf 90' lang='lat' dir='ltr'>sunt,</span> <span class='ocrx_word' id='word_1_155' title='bbox 1313 2251 1611 2313; x_wconf 85' lang='lat' dir='ltr'>scientes</span> <span class='ocrx_word' id='word_1_156' title='bbox 1658 2249 1840 2331; x_wconf 90' lang='lat' dir='ltr'>quod</span> <span class='ocrx_word' id='word_1_157' title='bbox 1888 2248 2223 2330; x_wconf 86' lang='lat' dir='ltr'>sapientia</span> <span class='ocrx_word' id='word_1_158' title='bbox 2267 2248 2355 2310; x_wconf 90' lang='lat' dir='ltr'>sit</span> <span class='ocrx_word' id='word_1_159' title='bbox 2404 2247 2617 2328; x_wconf 90' lang='lat' dir='ltr'>perci-</span> 
     </span>
     <span class='ocr_line' id='line_1_18' title="bbox 381 2339 2619 2428; baseline -0.002 -20"><span class='ocrx_word' id='word_1_160' title='bbox 381 2365 543 2426; x_wconf 91' lang='lat' dir='ltr'>pere</span> <span class='ocrx_word' id='word_1_161' title='bbox 581 2345 766 2427; x_wconf 90' lang='lat' dir='ltr'>quod</span> <span class='ocrx_word' id='word_1_162' title='bbox 803 2347 922 2407; x_wconf 83' lang='lat' dir='ltr'>vix</span> <span class='ocrx_word' id='word_1_163' title='bbox 960 2345 1217 2428; x_wconf 86' lang='lat' dir='ltr'>aliquid</span> <span class='ocrx_word' id='word_1_164' title='bbox 1263 2346 1352 2426; x_wconf 81' lang='lat' dir='ltr'>sit</span> <span class='ocrx_word' id='word_1_165' title='bbox 1392 2344 1572 2427; x_wconf 91' lang='lat' dir='ltr'>quod</span> <span class='ocrx_word' id='word_1_166' title='bbox 1621 2345 1925 2426; x_wconf 88' lang='lat' dir='ltr'>sapiunt,</span> <span class='ocrx_word' id='word_1_167' title='bbox 1957 2339 2332 2424; x_wconf 65' lang='lat' dir='ltr'>respective</span> <span class='ocrx_word' id='word_1_168' title='bbox 2370 2341 2458 2403; x_wconf 89' lang='lat' dir='ltr'>ad</span> <span class='ocrx_word' id='word_1_169' title='bbox 2502 2340 2619 2404; x_wconf 88' lang='lat' dir='ltr'>illa</span> 
     </span>
     <span class='ocr_line' id='line_1_19' title="bbox 378 2435 2615 2525; baseline -0.001 -25"><span class='ocrx_word' id='word_1_170' title='bbox 378 2458 554 2520; x_wconf 90' lang='lat' dir='ltr'>quae</span> <span class='ocrx_word' id='word_1_171' title='bbox 592 2459 734 2502; x_wconf 90' lang='lat' dir='ltr'>non</span> <span class='ocrx_word' id='word_1_172' title='bbox 772 2441 1064 2525; x_wconf 89' lang='lat' dir='ltr'>sapiunt.</span> <span class='ocrx_word' id='word_1_173' title='bbox 1158 2438 1360 2521; x_wconf 82' lang='lat' dir='ltr'>Quod</span> <span class='ocrx_word' id='word_1_174' title='bbox 1399 2439 1778 2522; x_wconf 88' lang='lat' dir='ltr'>procedant</span> <span class='ocrx_word' id='word_1_175' title='bbox 1812 2438 1997 2510; x_wconf 89' lang='lat' dir='ltr'>nudi,</span> <span class='ocrx_word' id='word_1_176' title='bbox 2032 2446 2139 2500; x_wconf 90' lang='lat' dir='ltr'>est</span> <span class='ocrx_word' id='word_1_177' title='bbox 2171 2436 2327 2519; x_wconf 88' lang='lat' dir='ltr'>quia</span> <span class='ocrx_word' id='word_1_178' title='bbox 2363 2435 2615 2498; x_wconf 90' lang='lat' dir='ltr'>“nudi-</span> 
     </span>
     <span class='ocr_line' id='line_1_20' title="bbox 383 2528 2619 2618; baseline -0.002 -22"><span class='ocrx_word' id='word_1_179' title='bbox 383 2533 537 2596; x_wconf 87' lang='lat' dir='ltr'>tas”</span> <span class='ocrx_word' id='word_1_180' title='bbox 583 2535 654 2597; x_wconf 88' lang='lat' dir='ltr'>in</span> <span class='ocrx_word' id='word_1_181' title='bbox 701 2555 904 2598; x_wconf 90' lang='lat' dir='ltr'>sensu</span> <span class='ocrx_word' id='word_1_182' title='bbox 950 2533 1284 2618; x_wconf 88' lang='lat' dir='ltr'>spirituali</span> <span class='ocrx_word' id='word_1_183' title='bbox 1332 2543 1438 2598; x_wconf 87' lang='lat' dir='ltr'>est</span> <span class='ocrx_word' id='word_1_184' title='bbox 1493 2534 1909 2606; x_wconf 84' lang='lat' dir='ltr'>innocentia,</span> <span class='ocrx_word' id='word_1_185' title='bbox 1958 2541 2027 2595; x_wconf 89' lang='lat' dir='ltr'>et</span> <span class='ocrx_word' id='word_1_186' title='bbox 2082 2532 2237 2614; x_wconf 89' lang='lat' dir='ltr'>quia</span> <span class='ocrx_word' id='word_1_187' title='bbox 2286 2528 2619 2594; x_wconf 87' lang='lat' dir='ltr'>“vestes&#39;’</span> 
     </span>
     <span class='ocr_line' id='line_1_21' title="bbox 381 2625 2618 2710; baseline -0.002 -20"><span class='ocrx_word' id='word_1_188' title='bbox 381 2627 773 2710; x_wconf 85' lang='lat' dir='ltr'>significant</span> <span class='ocrx_word' id='word_1_189' title='bbox 818 2649 978 2692; x_wconf 89' lang='lat' dir='ltr'>vera</span> <span class='ocrx_word' id='word_1_190' title='bbox 1026 2629 1466 2692; x_wconf 90' lang='lat' dir='ltr'>investientia</span> <span class='ocrx_word' id='word_1_191' title='bbox 1511 2627 1788 2702; x_wconf 86' lang='lat' dir='ltr'>bonum,</span> <span class='ocrx_word' id='word_1_192' title='bbox 1839 2635 1911 2690; x_wconf 87' lang='lat' dir='ltr'>et</span> <span class='ocrx_word' id='word_1_193' title='bbox 1966 2645 2127 2688; x_wconf 86' lang='lat' dir='ltr'>vera</span> <span class='ocrx_word' id='word_1_194' title='bbox 2177 2625 2618 2687; x_wconf 87' lang='lat' dir='ltr'>investientia</span> 
     </span>
     <span class='ocr_line' id='line_1_22' title="bbox 378 2719 2617 2802; baseline -0.001 -20"><span class='ocrx_word' id='word_1_195' title='bbox 378 2730 537 2785; x_wconf 88' lang='lat' dir='ltr'>sunt</span> <span class='ocrx_word' id='word_1_196' title='bbox 577 2723 648 2784; x_wconf 89' lang='lat' dir='ltr'>in</span> <span class='ocrx_word' id='word_1_197' title='bbox 686 2724 1034 2799; x_wconf 89' lang='lat' dir='ltr'>memoria,</span> <span class='ocrx_word' id='word_1_198' title='bbox 1075 2733 1148 2785; x_wconf 93' lang='lat' dir='ltr'>et</span> <span class='ocrx_word' id='word_1_199' title='bbox 1192 2723 1350 2785; x_wconf 89' lang='lat' dir='ltr'>inde</span> <span class='ocrx_word' id='word_1_200' title='bbox 1387 2722 1453 2784; x_wconf 91' lang='lat' dir='ltr'>in</span> <span class='ocrx_word' id='word_1_201' title='bbox 1495 2721 1963 2802; x_wconf 87' lang='lat' dir='ltr'>cogitatione;</span> <span class='ocrx_word' id='word_1_202' title='bbox 2016 2719 2195 2802; x_wconf 89' lang='lat' dir='ltr'>apud</span> <span class='ocrx_word' id='word_1_203' title='bbox 2232 2739 2350 2781; x_wconf 89' lang='lat' dir='ltr'>eos</span> <span class='ocrx_word' id='word_1_204' title='bbox 2386 2728 2617 2780; x_wconf 81' lang='lat' dir='ltr'>autem</span> 
     </span>
     <span class='ocr_line' id='line_1_23' title="bbox 378 2811 2623 2893; baseline 0 -16"><span class='ocrx_word' id='word_1_205' title='bbox 378 2835 537 2879; x_wconf 90' lang='lat' dir='ltr'>vera</span> <span class='ocrx_word' id='word_1_206' title='bbox 575 2826 736 2879; x_wconf 91' lang='lat' dir='ltr'>sunt</span> <span class='ocrx_word' id='word_1_207' title='bbox 785 2817 852 2879; x_wconf 89' lang='lat' dir='ltr'>in</span> <span class='ocrx_word' id='word_1_208' title='bbox 890 2818 1053 2893; x_wconf 90' lang='lat' dir='ltr'>vita,</span> <span class='ocrx_word' id='word_1_209' title='bbox 1094 2818 1193 2880; x_wconf 89' lang='lat' dir='ltr'>ita</span> <span class='ocrx_word' id='word_1_210' title='bbox 1229 2816 1658 2890; x_wconf 88' lang='lat' dir='ltr'>abscondita,</span> <span class='ocrx_word' id='word_1_211' title='bbox 1700 2824 1772 2879; x_wconf 92' lang='lat' dir='ltr'>et</span> <span class='ocrx_word' id='word_1_212' title='bbox 1816 2833 1955 2877; x_wconf 86' lang='lat' dir='ltr'>non</span> <span class='ocrx_word' id='word_1_213' title='bbox 2001 2834 2073 2876; x_wconf 87' lang='lat' dir='ltr'>se</span> <span class='ocrx_word' id='word_1_214' title='bbox 2112 2811 2623 2878; x_wconf 77' lang='lat' dir='ltr'>manifestantia</span> 
     </span>
     <span class='ocr_line' id='line_1_24' title="bbox 379 2905 2617 2993; baseline -0.003 -20"><span class='ocrx_word' id='word_1_215' title='bbox 379 2929 584 2992; x_wconf 87' lang='lat' dir='ltr'>quam</span> <span class='ocrx_word' id='word_1_216' title='bbox 623 2929 852 2974; x_wconf 85' lang='lat' dir='ltr'>coram</span> <span class='ocrx_word' id='word_1_217' title='bbox 892 2911 1357 2993; x_wconf 86' lang='lat' dir='ltr'>perceptione,</span> <span class='ocrx_word' id='word_1_218' title='bbox 1391 2910 1552 2972; x_wconf 90' lang='lat' dir='ltr'>dum</span> <span class='ocrx_word' id='word_1_219' title='bbox 1589 2908 1704 2972; x_wconf 90' lang='lat' dir='ltr'>alii</span> <span class='ocrx_word' id='word_1_220' title='bbox 1743 2908 2109 2990; x_wconf 89' lang='lat' dir='ltr'>loquuntur</span> <span class='ocrx_word' id='word_1_221' title='bbox 2146 2905 2285 2980; x_wconf 90' lang='lat' dir='ltr'>illa,</span> <span class='ocrx_word' id='word_1_222' title='bbox 2324 2925 2403 2968; x_wconf 86' lang='lat' dir='ltr'>ac</span> <span class='ocrx_word' id='word_1_223' title='bbox 2444 2905 2617 2968; x_wconf 88' lang='lat' dir='ltr'>min-</span> 
     </span>
     <span class='ocr_line' id='line_1_25' title="bbox 380 2999 2619 3086; baseline -0.002 -20"><span class='ocrx_word' id='word_1_224' title='bbox 380 3002 528 3068; x_wconf 85' lang='lat' dir='ltr'>istri</span> <span class='ocrx_word' id='word_1_225' title='bbox 565 3004 838 3068; x_wconf 85' lang='lat' dir='ltr'>illorum</span> <span class='ocrx_word' id='word_1_226' title='bbox 884 3025 975 3067; x_wconf 86' lang='lat' dir='ltr'>ex</span> <span class='ocrx_word' id='word_1_227' title='bbox 1013 3003 1250 3067; x_wconf 84' lang='lat' dir='ltr'>Verbo</span> <span class='ocrx_word' id='word_1_228' title='bbox 1287 3003 1689 3086; x_wconf 84' lang='lat' dir='ltr'>praedicant</span> <span class='ocrx_word' id='word_1_229' title='bbox 1726 3001 1881 3065; x_wconf 86' lang='lat' dir='ltr'>illa:</span> <span class='ocrx_word' id='word_1_230' title='bbox 1938 2999 2373 3082; x_wconf 88' lang='lat' dir='ltr'>perficiuntur</span> <span class='ocrx_word' id='word_1_231' title='bbox 2410 3001 2619 3063; x_wconf 88' lang='lat' dir='ltr'>etiam</span> 
     </span>
     <span class='ocr_line' id='line_1_26' title="bbox 377 3093 2618 3181; baseline -0.003 -19"><span class='ocrx_word' id='word_1_232' title='bbox 377 3117 468 3162; x_wconf 84' lang='lat' dir='ltr'>ex</span> <span class='ocrx_word' id='word_1_233' title='bbox 511 3097 800 3180; x_wconf 89' lang='lat' dir='ltr'>loquelis</span> <span class='ocrx_word' id='word_1_234' title='bbox 839 3097 1107 3162; x_wconf 85' lang='lat' dir='ltr'>illorum</span> <span class='ocrx_word' id='word_1_235' title='bbox 1151 3098 1263 3181; x_wconf 91' lang='lat' dir='ltr'>qui</span> <span class='ocrx_word' id='word_1_236' title='bbox 1311 3099 1376 3160; x_wconf 87' lang='lat' dir='ltr'>in</span> <span class='ocrx_word' id='word_1_237' title='bbox 1415 3093 1772 3160; x_wconf 64' lang='lat' dir='ltr'>intellestu</span> <span class='ocrx_word' id='word_1_238' title='bbox 1810 3097 1948 3158; x_wconf 73' lang='lat' dir='ltr'>veri</span> <span class='ocrx_word' id='word_1_239' title='bbox 1996 3104 2175 3167; x_wconf 91' lang='lat' dir='ltr'>sunt,</span> <span class='ocrx_word' id='word_1_240' title='bbox 2216 3114 2307 3157; x_wconf 85' lang='lat' dir='ltr'>ex</span> <span class='ocrx_word' id='word_1_241' title='bbox 2352 3094 2618 3174; x_wconf 90' lang='lat' dir='ltr'>praedi-</span> 
     </span>
     <span class='ocr_line' id='line_1_27' title="bbox 381 3187 2617 3275; baseline -0.002 -21"><span class='ocrx_word' id='word_1_242' title='bbox 381 3193 793 3268; x_wconf 78' lang='lat' dir='ltr'>cationibuS,</span> <span class='ocrx_word' id='word_1_243' title='bbox 833 3203 904 3260; x_wconf 90' lang='lat' dir='ltr'>et</span> <span class='ocrx_word' id='word_1_244' title='bbox 949 3212 1216 3275; x_wconf 89' lang='lat' dir='ltr'>quoque</span> <span class='ocrx_word' id='word_1_245' title='bbox 1262 3213 1353 3256; x_wconf 84' lang='lat' dir='ltr'>ex</span> <span class='ocrx_word' id='word_1_246' title='bbox 1400 3190 1624 3254; x_wconf 79' lang='lat' dir='ltr'>libris:</span> <span class='ocrx_word' id='word_1_247' title='bbox 1682 3191 1985 3254; x_wconf 86' lang='lat' dir='ltr'>scribunt</span> <span class='ocrx_word' id='word_1_248' title='bbox 2032 3189 2264 3262; x_wconf 88' lang='lat' dir='ltr'>etiam,</span> <span class='ocrx_word' id='word_1_249' title='bbox 2312 3187 2435 3250; x_wconf 91' lang='lat' dir='ltr'>sed</span> <span class='ocrx_word' id='word_1_250' title='bbox 2481 3207 2617 3250; x_wconf 89' lang='lat' dir='ltr'>non</span> 
     </span>
     <span class='ocr_line' id='line_1_28' title="bbox 379 3281 2619 3369; baseline -0.003 -18"><span class='ocrx_word' id='word_1_251' title='bbox 379 3306 499 3369; x_wconf 89' lang='lat' dir='ltr'>per</span> <span class='ocrx_word' id='word_1_252' title='bbox 537 3287 830 3363; x_wconf 78' lang='lat' dir='ltr'>litteraS,</span> <span class='ocrx_word' id='word_1_253' title='bbox 871 3297 946 3351; x_wconf 90' lang='lat' dir='ltr'>ut</span> <span class='ocrx_word' id='word_1_254' title='bbox 992 3288 1104 3351; x_wconf 87' lang='lat' dir='ltr'>alii</span> <span class='ocrx_word' id='word_1_255' title='bbox 1151 3285 1400 3368; x_wconf 85' lang='lat' dir='ltr'>angeli,</span> <span class='ocrx_word' id='word_1_256' title='bbox 1441 3285 1561 3350; x_wconf 88' lang='lat' dir='ltr'>sed</span> <span class='ocrx_word' id='word_1_257' title='bbox 1609 3305 1730 3367; x_wconf 89' lang='lat' dir='ltr'>per</span> <span class='ocrx_word' id='word_1_258' title='bbox 1767 3295 2161 3356; x_wconf 78' lang='lat' dir='ltr'>curvaturas</span> <span class='ocrx_word' id='word_1_259' title='bbox 2199 3292 2268 3346; x_wconf 88' lang='lat' dir='ltr'>et</span> <span class='ocrx_word' id='word_1_260' title='bbox 2308 3281 2619 3344; x_wconf 87' lang='lat' dir='ltr'>inflexio-</span> 
     </span>
     <span class='ocr_line' id='line_1_29' title="bbox 379 3373 2618 3464; baseline -0.003 -20"><span class='ocrx_word' id='word_1_261' title='bbox 379 3401 527 3456; x_wconf 87' lang='lat' dir='ltr'>nes,</span> <span class='ocrx_word' id='word_1_262' title='bbox 577 3402 751 3464; x_wconf 85' lang='lat' dir='ltr'>quae</span> <span class='ocrx_word' id='word_1_263' title='bbox 797 3383 1159 3446; x_wconf 81' lang='lat' dir='ltr'>continent</span> <span class='ocrx_word' id='word_1_264' title='bbox 1206 3399 1478 3454; x_wconf 86' lang='lat' dir='ltr'>arcana,</span> <span class='ocrx_word' id='word_1_265' title='bbox 1526 3399 1699 3461; x_wconf 82' lang='lat' dir='ltr'>quae</span> <span class='ocrx_word' id='word_1_266' title='bbox 1746 3373 2171 3441; x_wconf 62' lang='lat' dir='ltr'>intellectum</span> <span class='ocrx_word' id='word_1_267' title='bbox 2219 3374 2618 3456; x_wconf 87' lang='lat' dir='ltr'>angelorum</span> 
     </span>
     <span class='ocr_line' id='line_1_30' title="bbox 377 3470 2619 3550; baseline -0.003 -12"><span class='ocrx_word' id='word_1_268' title='bbox 377 3475 445 3538; x_wconf 91' lang='lat' dir='ltr'>in</span> <span class='ocrx_word' id='word_1_269' title='bbox 489 3475 916 3540; x_wconf 77' lang='lat' dir='ltr'>inferioribus</span> <span class='ocrx_word' id='word_1_270' title='bbox 963 3474 1170 3540; x_wconf 90' lang='lat' dir='ltr'>caelis</span> <span class='ocrx_word' id='word_1_271' title='bbox 1223 3473 1743 3538; x_wconf 84' lang='lat' dir='ltr'>transcendunt.</span> <span class='ocrx_word' id='word_1_272' title='bbox 1836 3470 2178 3534; x_wconf 89' lang='lat' dir='ltr'>Habitant</span> <span class='ocrx_word' id='word_1_273' title='bbox 2232 3489 2501 3550; x_wconf 87' lang='lat' dir='ltr'>quoque</span> <span class='ocrx_word' id='word_1_274' title='bbox 2552 3470 2619 3533; x_wconf 90' lang='lat' dir='ltr'>in</span> 
     </span>
     <span class='ocr_line' id='line_1_31' title="bbox 377 3562 2617 3653; baseline -0.003 -19"><span class='ocrx_word' id='word_1_275' title='bbox 377 3571 708 3653; x_wconf 87' lang='lat' dir='ltr'>expansis</span> <span class='ocrx_word' id='word_1_276' title='bbox 737 3591 938 3653; x_wconf 85' lang='lat' dir='ltr'>supra</span> <span class='ocrx_word' id='word_1_277' title='bbox 962 3570 1154 3644; x_wconf 80' lang='lat' dir='ltr'>alioS,</span> <span class='ocrx_word' id='word_1_278' title='bbox 1183 3588 1262 3633; x_wconf 85' lang='lat' dir='ltr'>ac</span> <span class='ocrx_word' id='word_1_279' title='bbox 1294 3569 1384 3632; x_wconf 88' lang='lat' dir='ltr'>ibi</span> <span class='ocrx_word' id='word_1_280' title='bbox 1416 3568 1486 3630; x_wconf 89' lang='lat' dir='ltr'>in</span> <span class='ocrx_word' id='word_1_281' title='bbox 1517 3567 1735 3630; x_wconf 89' lang='lat' dir='ltr'>hortis</span> <span class='ocrx_word' id='word_1_282' title='bbox 1768 3565 1879 3628; x_wconf 91' lang='lat' dir='ltr'>ubi</span> <span class='ocrx_word' id='word_1_283' title='bbox 1910 3565 2231 3628; x_wconf 87' lang='lat' dir='ltr'>arboreta</span> <span class='ocrx_word' id='word_1_284' title='bbox 2260 3573 2331 3626; x_wconf 90' lang='lat' dir='ltr'>et</span> <span class='ocrx_word' id='word_1_285' title='bbox 2355 3562 2617 3638; x_wconf 88' lang='lat' dir='ltr'>floreta,</span> 
     </span>
     <span class='ocr_line' id='line_1_32' title="bbox 375 3659 2617 3748; baseline -0.004 -18"><span class='ocrx_word' id='word_1_286' title='bbox 375 3668 564 3730; x_wconf 85' lang='lat' dir='ltr'>sicin</span> <span class='ocrx_word' id='word_1_287' title='bbox 591 3667 938 3748; x_wconf 89' lang='lat' dir='ltr'>perpetuis</span> <span class='ocrx_word' id='word_1_288' title='bbox 957 3664 1560 3746; x_wconf 87' lang='lat' dir='ltr'>repraesentativis</span> <span class='ocrx_word' id='word_1_289' title='bbox 1577 3660 1977 3724; x_wconf 86' lang='lat' dir='ltr'>caelestium</span> <span class='ocrx_word' id='word_1_290' title='bbox 2004 3680 2018 3736; x_wconf 92' lang='lat'>;</span> <span class='ocrx_word' id='word_1_291' title='bbox 2052 3668 2123 3722; x_wconf 97' lang='lat' dir='ltr'>et</span> <span class='ocrx_word' id='word_1_292' title='bbox 2146 3659 2327 3740; x_wconf 91' lang='lat' dir='ltr'>quod</span> <span class='ocrx_word' id='word_1_293' title='bbox 2354 3659 2617 3734; x_wconf 88' lang='lat' dir='ltr'>mirum,</span> 
     </span>
     <span class='ocr_line' id='line_1_33' title="bbox 377 3751 2619 3840; baseline -0.003 -16"><span class='ocrx_word' id='word_1_294' title='bbox 377 3781 515 3825; x_wconf 89' lang='lat' dir='ltr'>non</span> <span class='ocrx_word' id='word_1_295' title='bbox 563 3761 904 3824; x_wconf 88' lang='lat' dir='ltr'>invenitur</span> <span class='ocrx_word' id='word_1_296' title='bbox 939 3760 1030 3822; x_wconf 90' lang='lat' dir='ltr'>ibi</span> <span class='ocrx_word' id='word_1_297' title='bbox 1078 3759 1290 3840; x_wconf 87' lang='lat' dir='ltr'>lapis;</span> <span class='ocrx_word' id='word_1_298' title='bbox 1345 3777 1552 3822; x_wconf 88' lang='lat' dir='ltr'>causa</span> <span class='ocrx_word' id='word_1_299' title='bbox 1596 3765 1726 3831; x_wconf 90' lang='lat' dir='ltr'>est,</span> <span class='ocrx_word' id='word_1_300' title='bbox 1767 3756 1921 3838; x_wconf 89' lang='lat' dir='ltr'>quia</span> <span class='ocrx_word' id='word_1_301' title='bbox 1964 3752 2242 3834; x_wconf 87' lang='lat' dir='ltr'>“lapis”</span> <span class='ocrx_word' id='word_1_302' title='bbox 2281 3751 2619 3834; x_wconf 88' lang='lat' dir='ltr'>significat</span> 
     </span>
     <span class='ocr_line' id='line_1_34' title="bbox 376 3845 2617 3934; baseline -0.004 -18"><span class='ocrx_word' id='word_1_303' title='bbox 376 3873 615 3920; x_wconf 89' lang='lat' dir='ltr'>verum</span> <span class='ocrx_word' id='word_1_304' title='bbox 647 3854 980 3928; x_wconf 87' lang='lat' dir='ltr'>naturale,</span> <span class='ocrx_word' id='word_1_305' title='bbox 1019 3858 1058 3884; x_wconf 78' lang='lat'>‘⁴</span> <span class='ocrx_word' id='word_1_306' title='bbox 1078 3851 1338 3934; x_wconf 86' lang='lat' dir='ltr'>lignum</span> <span class='ocrx_word' id='word_1_307' title='bbox 1355 3851 1385 3876; x_wconf 92' lang='lat'><strong>”</strong></span> <span class='ocrx_word' id='word_1_308' title='bbox 1417 3860 1651 3914; x_wconf 88' lang='lat' dir='ltr'>autem</span> <span class='ocrx_word' id='word_1_309' title='bbox 1686 3849 1964 3923; x_wconf 89' lang='lat' dir='ltr'>bonum,</span> <span class='ocrx_word' id='word_1_310' title='bbox 2004 3845 2305 3910; x_wconf 88' lang='lat' dir='ltr'>“arbor&#39;’</span> <span class='ocrx_word' id='word_1_311' title='bbox 2338 3865 2617 3929; x_wconf 88' lang='lat' dir='ltr'>percep-</span> 
     </span>
     <span class='ocr_line' id='line_1_35' title="bbox 377 3941 2619 4028; baseline -0.005 -14"><span class='ocrx_word' id='word_1_312' title='bbox 377 3949 664 4023; x_wconf 88' lang='lat' dir='ltr'>tionem,</span> <span class='ocrx_word' id='word_1_313' title='bbox 721 3968 800 4013; x_wconf 91' lang='lat' dir='ltr'>ac</span> <span class='ocrx_word' id='word_1_314' title='bbox 861 3947 1088 4010; x_wconf 90' lang='lat' dir='ltr'>“flos”</span> <span class='ocrx_word' id='word_1_315' title='bbox 1141 3946 1763 4028; x_wconf 86' lang='lat' dir='ltr'>implantationem.</span> <span class='ocrx_word' id='word_1_316' title='bbox 1874 3942 2067 4007; x_wconf 85' lang='lat' dir='ltr'>Haec</span> <span class='ocrx_word' id='word_1_317' title='bbox 2129 3943 2215 4004; x_wconf 92' lang='lat' dir='ltr'>de</span> <span class='ocrx_word' id='word_1_318' title='bbox 2268 3961 2500 4004; x_wconf 85' lang='lat' dir='ltr'>amore</span> <span class='ocrx_word' id='word_1_319' title='bbox 2552 3941 2619 4002; x_wconf 90' lang='lat' dir='ltr'>in</span> 
     </span>
     <span class='ocr_line' id='line_1_36' title="bbox 377 4036 2620 4122; baseline -0.004 -14"><span class='ocrx_word' id='word_1_320' title='bbox 377 4043 774 4118; x_wconf 88' lang='lat' dir='ltr'>Dominum,</span> <span class='ocrx_word' id='word_1_321' title='bbox 831 4051 902 4106; x_wconf 90' lang='lat' dir='ltr'>et</span> <span class='ocrx_word' id='word_1_322' title='bbox 963 4044 1048 4108; x_wconf 86' lang='lat' dir='ltr'>de</span> <span class='ocrx_word' id='word_1_323' title='bbox 1109 4060 1344 4106; x_wconf 86' lang='lat' dir='ltr'>amore</span> <span class='ocrx_word' id='word_1_324' title='bbox 1396 4059 1560 4121; x_wconf 85' lang='lat' dir='ltr'>erga</span> <span class='ocrx_word' id='word_1_325' title='bbox 1614 4038 2026 4122; x_wconf 85' lang='lat' dir='ltr'>proximum,</span> <span class='ocrx_word' id='word_1_326' title='bbox 2082 4037 2181 4099; x_wconf 89' lang='lat' dir='ltr'>ita</span> <span class='ocrx_word' id='word_1_327' title='bbox 2241 4036 2325 4098; x_wconf 91' lang='lat' dir='ltr'>de</span> <span class='ocrx_word' id='word_1_328' title='bbox 2387 4052 2620 4098; x_wconf 89' lang='lat' dir='ltr'>amore</span> 
     </span>
     <span class='ocr_line' id='line_1_37' title="bbox 376 4129 2621 4219; baseline -0.006 -15"><span class='ocrx_word' id='word_1_329' title='bbox 376 4139 710 4216; x_wconf 81' lang='lat' dir='ltr'>caelesti3</span> <span class='ocrx_word' id='word_1_330' title='bbox 763 4138 831 4200; x_wconf 92' lang='lat' dir='ltr'>in</span> <span class='ocrx_word' id='word_1_331' title='bbox 877 4135 1322 4219; x_wconf 89' lang='lat' dir='ltr'>sequentibus</span> <span class='ocrx_word' id='word_1_332' title='bbox 1360 4135 1622 4199; x_wconf 89' lang='lat' dir='ltr'>dicetur</span> <span class='ocrx_word' id='word_1_333' title='bbox 1669 4134 1756 4198; x_wconf 88' lang='lat' dir='ltr'>de</span> <span class='ocrx_word' id='word_1_334' title='bbox 1800 4151 2032 4196; x_wconf 88' lang='lat' dir='ltr'>amore</span> <span class='ocrx_word' id='word_1_335' title='bbox 2077 4129 2431 4214; x_wconf 87' lang='lat' dir='ltr'>spirituali,</span> <span class='ocrx_word' id='word_1_336' title='bbox 2472 4137 2621 4192; x_wconf 90' lang='lat' dir='ltr'>tum</span> 
     </span>
     <span class='ocr_line' id='line_1_38' title="bbox 375 4228 1264 4298; baseline -0.002 -4"><span class='ocrx_word' id='word_1_337' title='bbox 375 4233 460 4298; x_wconf 91' lang='lat' dir='ltr'>de</span> <span class='ocrx_word' id='word_1_338' title='bbox 499 4233 841 4298; x_wconf 87' lang='lat' dir='ltr'>charitate</span> <span class='ocrx_word' id='word_1_339' title='bbox 877 4240 952 4295; x_wconf 89' lang='lat' dir='ltr'>et</span> <span class='ocrx_word' id='word_1_340' title='bbox 989 4231 1076 4294; x_wconf 89' lang='lat' dir='ltr'>de</span> <span class='ocrx_word' id='word_1_341' title='bbox 1111 4228 1264 4294; x_wconf 89' lang='lat' dir='ltr'>fide.</span> 
     </span>
    </p>

    <p class='ocr_par' dir='ltr' id='par_1_3' title="bbox 377 4314 2621 4686">
     <span class='ocr_line' id='line_1_39' title="bbox 493 4314 2618 4408; baseline -0.007 -16"><span class='ocrx_word' id='word_1_342' title='bbox 493 4325 700 4408; x_wconf 67' lang='lat'>829·</span> <span class='ocrx_word' id='word_1_343' title='bbox 764 4323 980 4394; x_wconf 73' lang='lat' dir='ltr'>“Quae</span> <span class='ocrx_word' id='word_1_344' title='bbox 1033 4323 1222 4386; x_wconf 72' lang='lat' dir='ltr'>habet</span> <span class='ocrx_word' id='word_1_345' title='bbox 1265 4322 1516 4405; x_wconf 68' lang='lat' dir='ltr'>playam</span> <span class='ocrx_word' id='word_1_346' title='bbox 1569 4320 1948 4384; x_wconf 64' lang='lat' dir='ltr'>machaerae</span> <span class='ocrx_word' id='word_1_347' title='bbox 2002 4323 2069 4381; x_wconf 72' lang='lat' dir='ltr'>ot</span> <span class='ocrx_word' id='word_1_348' title='bbox 2128 4314 2618 4396; x_wconf 69' lang='lat' dir='ltr'>vitii-&#39;&#39;—Quod</span> 
     </span>
     <span class='ocr_line' id='line_1_40' title="bbox 377 4405 2621 4500; baseline -0.005 -20"><span class='ocrx_word' id='word_1_349' title='bbox 377 4417 717 4500; x_wconf 85' lang='lat' dir='ltr'>significet</span> <span class='ocrx_word' id='word_1_350' title='bbox 762 4415 997 4498; x_wconf 83' lang='lat' dir='ltr'>qualia</span> <span class='ocrx_word' id='word_1_351' title='bbox 1031 4423 1190 4478; x_wconf 85' lang='lat' dir='ltr'>sunt</span> <span class='ocrx_word' id='word_1_352' title='bbox 1233 4412 1581 4478; x_wconf 82' lang='lat' dir='ltr'>naturalia</span> <span class='ocrx_word' id='word_1_353' title='bbox 1623 4413 1746 4476; x_wconf 80' lang='lat' dir='ltr'>illa</span> <span class='ocrx_word' id='word_1_354' title='bbox 1790 4433 1958 4495; x_wconf 86' lang='lat' dir='ltr'>quae</span> <span class='ocrx_word' id='word_1_355' title='bbox 1990 4410 2465 4492; x_wconf 50' lang='lat' dir='ltr'>conjunxerunt</span> <span class='ocrx_word' id='word_1_356' title='bbox 2493 4405 2621 4469; x_wconf 81' lang='lat' dir='ltr'>illa</span> 
     </span>
     <span class='ocr_line' id='line_1_41' title="bbox 377 4501 2617 4594; baseline -0.006 -18"><span class='ocrx_word' id='word_1_357' title='bbox 377 4532 544 4594; x_wconf 84' lang='lat' dir='ltr'>quae</span> <span class='ocrx_word' id='word_1_358' title='bbox 578 4532 663 4574; x_wconf 79' lang='lat' dir='ltr'>ex</span> <span class='ocrx_word' id='word_1_359' title='bbox 697 4501 894 4574; x_wconf 67' lang='lat' dir='ltr'>senst&#39;c</span> <span class='ocrx_word' id='word_1_360' title='bbox 929 4508 1236 4574; x_wconf 82' lang='lat' dir='ltr'>naturali</span> <span class='ocrx_word' id='word_1_361' title='bbox 1286 4507 1489 4573; x_wconf 81' lang='lat' dir='ltr'>Verbi</span> <span class='ocrx_word' id='word_1_362' title='bbox 1518 4507 1616 4571; x_wconf 85' lang='lat' dir='ltr'>ad</span> <span class='ocrx_word' id='word_1_363' title='bbox 1643 4505 2196 4590; x_wconf 84' lang='lat' dir='ltr'>confirmationem</span> <span class='ocrx_word' id='word_1_364' title='bbox 2232 4501 2617 4580; x_wconf 82' lang='lat' dir='ltr'>desumpse-</span> 
     </span>
     <span class='ocr_line' id='line_1_42' title="bbox 377 4596 2611 4686; baseline -0.007 -14"><span class='ocrx_word' id='word_1_365' title='bbox 377 4615 556 4685; x_wconf 82' lang='lat' dir='ltr'>runt,</span> <span class='ocrx_word' id='word_1_366' title='bbox 597 4615 874 4674; x_wconf 86' lang='lat' dir='ltr'>constat</span> <span class='ocrx_word' id='word_1_367' title='bbox 911 4626 1001 4670; x_wconf 84' lang='lat' dir='ltr'>ex</span> <span class='ocrx_word' id='word_1_368' title='bbox 1029 4604 1507 4686; x_wconf 75' lang='lat' dir='ltr'>&#39;explicatione</span> <span class='ocrx_word' id='word_1_369' title='bbox 1545 4601 1813 4666; x_wconf 88' lang='lat' dir='ltr'>illorum</span> <span class='ocrx_word' id='word_1_370' title='bbox 1851 4619 2025 4683; x_wconf 86' lang='lat' dir='ltr'>quae</span> <span class='ocrx_word' id='word_1_371' title='bbox 2060 4615 2261 4678; x_wconf 88' lang='lat' dir='ltr'>supra</span> <span class='ocrx_word' id='word_1_372' title='bbox 2304 4596 2372 4660; x_wconf 91' lang='lat' dir='ltr'>in</span> <span class='ocrx_word' id='word_1_373' title='bbox 2410 4613 2611 4658; x_wconf 86' lang='lat' dir='ltr'>versu</span> 
     </span>
    </p>
   </div>
  </div>
 </body>
</html>
