3259 5384
697 645 865 726 2238
1317 655 1821 709 APOCALYPSIS
1864 656 2314 709 EXPLICATA.

693 834 964 903 tantur;
1014 825 1068 888 si
1105 826 1172 888 in
1207 824 1378 900 Deo,
1419 825 1600 907 quod
1648 824 1811 888 nihil
1857 825 2161 902 damnet,
2200 825 2299 889 ita
2334 825 2517 907 quod
2564 823 2745 888 mala
2786 843 2913 887 non

691 918 827 981 sint
862 929 1167 998 peccata,
1209 921 1364 1000 quia
1401 918 1519 982 illa
1553 919 1907 996 damnant,
1942 920 2063 982 sed
2101 919 2283 1002 quod
2328 921 2467 982 sint
2502 917 2914 982 infirmitates

691 1020 969 1074 naturae
995 1033 1010 1088 ;
1049 1024 1120 1075 et
1139 1014 1296 1095 quia
1315 1012 1496 1076 mala
1515 1033 1604 1076 ex
1626 1012 2033 1087 voluntarie,
2056 1013 2315 1095 quaein
2340 1011 2577 1076 Verbo
2598 1021 2913 1074 vocantur

689 1116 974 1185 peccata
992 1127 1166 1188 quae
1190 1116 1348 1169 sunt
1373 1106 1518 1170 alta
1552 1127 1781 1182 manu,
1810 1125 1946 1170 non
1972 1117 2131 1170 sunt
2156 1105 2585 1170 infirmitates
2618 1117 2910 1180 naturae,

687 1198 922 1264 dicunt
947 1201 1130 1282 quod
1152 1200 1606 1276 remittantur,
1633 1201 1745 1264 vel
1770 1202 2027 1276 statim,
2054 1200 2163 1264 vel
2190 1210 2346 1282 post
2370 1199 2668 1282 aliquam
2693 1201 2911 1282 paeni·

687 1294 976 1356 tentiam
1022 1295 1174 1367 oriS,
1223 1295 1541 1375 quoniam
1579 1292 1987 1375 justificatus
2030 1315 2151 1376 per
2194 1293 2399 1358 fidem
2450 1295 2519 1358 in
2566 1295 2749 1360 bono
2790 1304 2909 1368 est,

686 1387 800 1468 qui
831 1388 1250 1469 paenitentia
1274 1388 1456 1451 vitae
1487 1407 1622 1451 non
1656 1408 1825 1470 opus
1856 1388 2105 1466 habet;
2152 1388 2415 1452 addunt
2438 1389 2735 1471 quidam,
2767 1389 2911 1470 quia

685 1501 776 1542 ex
835 1482 1274 1562 permissione
1319 1479 1498 1545 facta
1533 1491 1713 1546 sunt.
1804 1481 1998 1547 Haec
2044 1484 2253 1546 etiam
2289 1493 2793 1567 consequuntur
2826 1503 2909 1547 ex

683 1593 789 1648 e0,
829 1576 983 1657 quia
1018 1576 1304 1639 credunt
1334 1575 1516 1659 quod
1545 1575 1953 1657 justificatus
1990 1597 2109 1658 per
2137 1575 2343 1640 fidem
2374 1576 2775 1658 redemptus
2804 1581 2906 1652 sit,

684 1686 916 1731 coram
962 1669 1113 1731 Deo
1159 1667 1568 1751 purificatus,
1607 1689 1689 1733 ac
1736 1679 2220 1752 regeneratus;
2266 1681 2339 1734 et
2376 1673 2534 1752 quia
2580 1672 2831 1736 bonum
2872 1693 2909 1735 a

685 1781 760 1824 se
795 1781 930 1825 non
965 1773 1192 1842 potest
1226 1763 1467 1839 facere,
1501 1763 1684 1846 quod
1718 1764 2032 1828 meritum
2064 1763 2341 1828 Domini
2371 1765 2431 1827 ei
2462 1764 2817 1829 addicatur
2842 1775 2907 1829 et

683 1855 1077 1935 imputetur,
1101 1878 1192 1919 ex
1219 1877 1352 1941 qua
1376 1858 1850 1940 imputatione,
1885 1868 1957 1923 et
1988 1855 2187 1921 simul
2224 1879 2313 1922 ex
2344 1859 2813 1940 redemptione
2842 1870 2906 1924 et

683 1953 1218 2032 regeneratione,
1239 1961 1310 2014 ut
1331 1950 1504 2018 filius
1522 1952 1652 2016 Dei
1671 1952 2059 2034 adoptatur,
2078 1971 2157 2015 ae
2177 1953 2444 2016 ducitur
2462 1973 2503 2016 a
2524 1952 2679 2017 Deo
2693 1954 2903 2029 Patre,

682 2054 755 2107 et
795 2044 1208 2109 illuminatur
1252 2066 1293 2108 a
1339 2045 1592 2129 Spiritu
1636 2043 1915 2124 sanct03
1970 2047 2148 2109 unde
2194 2065 2401 2127 opera
2444 2045 2588 2127 ejus
2632 2058 2907 2129 accepta

681 2147 860 2212 sunt,
884 2159 962 2200 ac
989 2138 1170 2201 mala
1193 2159 1328 2202 non
1355 2152 1512 2203 sunt
1533 2139 1717 2204 mala
1744 2139 1917 2202 sicut
1944 2139 2124 2221 apud
2147 2139 2317 2202 alios
2340 2161 2354 2217 ;
2402 2161 2573 2222 quae
2598 2143 2753 2224 quia
2774 2161 2903 2204 non

682 2230 1037 2307 damnant,
1099 2251 1235 2296 non
1295 2243 1582 2314 possunt
1641 2242 1926 2314 peccata
1972 2234 2220 2308 vocari,
2282 2233 2402 2296 sed
2466 2233 2902 2310 infirmitateS,

682 2344 854 2406 quae
885 2326 1206 2389 unicuivis
1243 2326 1637 2403 adhaerent,
1674 2337 1746 2391 ut
1778 2327 2144 2402 hereditaS,
2178 2347 2269 2390 ex
2302 2327 2600 2404 Adamo,
2637 2349 2807 2411 quae
2836 2339 2904 2392 ut

681 2419 967 2498 primum
990 2431 1388 2504 exsurgunt,
1412 2423 1851 2486 remittuntur
1874 2441 1952 2484 ac
1980 2420 2367 2502 ejiciuntur:
2408 2433 2680 2503 praeter
2699 2423 2899 2504 plura,

681 2522 752 2576 et
778 2515 982 2590 varia,
1018 2517 1385 2580 secundum
1425 2516 1612 2580 ideas
1643 2516 1729 2578 de
1762 2517 2061 2580 essentia
2090 2515 2265 2590 fidei,
2306 2536 2384 2579 ac
2424 2517 2508 2580 de
2540 2517 2682 2598 ejus
2712 2537 2900 2600 sepa·

678 2608 944 2672 ratione
981 2629 1020 2672 a
1058 2610 1252 2673 bonis
1289 2611 1492 2685 vitae,
1533 2620 1653 2675 aut
1699 2610 1784 2672 de
1830 2608 1985 2674 fidei
2031 2607 2507 2690 conjunctione
2553 2630 2708 2675 cum
2753 2611 2899 2674 illis.

679 2699 813 2766 Sed
853 2703 1121 2784 singula
1156 2705 1326 2768 haec
1363 2705 1488 2767 sub
1524 2723 1821 2767 examen
1860 2705 2153 2776 mittere,
2194 2721 2331 2766 non
2370 2703 2701 2782 interest3
2748 2713 2897 2768 sunt

679 2796 862 2860 enim
907 2798 1356 2880 scaturigines
1400 2819 1490 2862 ex
1536 2798 1710 2861 falso
1748 2797 2095 2880 principio,
2135 2817 2227 2859 ex
2266 2817 2400 2878 quo
2446 2816 2585 2859 non
2623 2808 2899 2879 possunt

678 2909 881 2972 quam
927 2891 1096 2954 falsa
1139 2893 1206 2954 in
1253 2893 1578 2956 continua
1613 2893 1785 2956 serie
1822 2891 2169 2974 profluere.
2262 2889 2429 2970 Quis
2468 2910 2605 2954 non
2644 2893 2797 2966 scit,
2832 2901 2897 2956 et

677 2986 1015 3066 agnoscit,
1058 2984 1216 3048 dum
1253 3005 1484 3049 secum
1523 2987 1811 3068 cogitat,
1850 2984 2033 3067 quod
2070 2984 2279 3048 homo
2316 3005 2391 3047 se
2428 2985 2897 3066 exploraturus

677 3078 788 3153 sit,
829 3071 1115 3160 peccata
1152 3100 1272 3142 sua
1309 3099 1539 3143 coram
1579 3080 1732 3143 Deo
1776 3079 2225 3153 confessuruS,
2265 3078 2447 3162 quod
2495 3078 2611 3141 illa
2646 3080 2895 3143 abomi-

677 3184 980 3250 naturus,
1041 3184 1112 3239 et
1172 3185 1414 3258 postea
1479 3193 1729 3237 novam
1787 3174 2001 3236 vitam
2060 3169 2327 3236 aeturus
2388 3174 2497 3249 sit,
2560 3183 2635 3236 ut
2694 3175 2897 3238 vitam

676 3278 1028 3332 aeternam
1094 3268 1482 3332 hereditet?
1586 3266 1779 3330 Haec
1840 3267 2095 3331 docent
2160 3265 2481 3330 solennes
2546 3286 2783 3348 preces
2835 3267 2898 3328 in

676 3362 1005 3435 ecclesiiS,
1044 3363 1368 3444 imprimis
1414 3382 1533 3444 per
1577 3381 1746 3445 quas
1792 3360 2223 3442 praeparatio
2266 3358 2343 3423 fit
2388 3359 2476 3422 ad
2520 3360 2897 3424 obeundum

675 3465 1177 3520 sacramentum
1253 3455 1520 3532 Cenae;
1596 3454 1765 3518 haec
1840 3453 2045 3518 docet
2114 3452 2438 3528 Verbum,
2512 3463 2583 3516 et
2652 3455 2899 3517 docent

675 3569 914 3613 omnes
979 3549 1521 3632 praedicationes
1591 3570 1684 3612 ex
1745 3548 1980 3612 Verbo
2002 3569 2018 3626 ;
2086 3557 2159 3612 et
2224 3547 2393 3610 haec
2459 3544 2674 3610 dictat
2730 3549 2899 3612 ratio

673 3664 1032 3728 parumper
1056 3645 1432 3709 illustrata:
1481 3644 1604 3707 sed
1626 3664 1837 3725 usque
1870 3643 1991 3706 lux
2024 3642 2220 3723 hujus
2245 3644 2385 3706 veri
2415 3643 2893 3724 exstinguitur,

673 3750 750 3803 ut
787 3739 1072 3822 primum
1111 3739 1348 3822 aliquis
1386 3738 1620 3802 studet
1665 3736 1929 3800 arcanis
1966 3734 2339 3812 doctrinae,
2380 3746 2451 3800 et
2488 3737 2647 3800 inde
2684 3739 2896 3802 erudi-

674 3833 880 3897 tionis
924 3833 1173 3897 samam
1219 3841 1498 3915 captare
1533 3831 1683 3895 vult
1707 3853 1723 3909 ;
1778 3833 1834 3894 is
1871 3831 2026 3913 quia
2070 3831 2337 3894 ducitur
2372 3829 2459 3893 ab
2504 3850 2737 3894 amore
2780 3833 2893 3906 sui,

671 3937 744 3992 et
781 3928 939 3992 inde
975 3949 1016 3990 a
1051 3927 1228 3992 fastu
1265 3927 1573 4010 propriae
1609 3925 2129 4007 intelligentiae,
2169 3924 2427 3989 recedit
2464 3945 2505 3988 a
2540 3924 2673 3989 fide
2710 3946 2892 3990 com-

674 4022 894 4086 munis
939 4032 1198 4095 coetus,
1245 4032 1318 4085 et
1369 4017 1804 4102 amplectitur
1845 4019 2089 4082 falsum
2132 4020 2314 4102 quod
2366 4019 2657 4084 destruit
2702 4040 2895 4084 omne

673 4135 906 4179 verum
946 4114 1176 4190 Verbi,
1212 4124 1282 4180 et
1321 4135 1524 4178 omne
1560 4133 1795 4177 verum
1834 4113 2045 4191 caeli3
2093 4133 2172 4177 ac
2212 4114 2365 4196 quia
2402 4113 2703 4177 creditur
2736 4114 2895 4178 doc-

672 4219 802 4284 tus,
844 4219 1002 4292 post
1041 4229 1114 4272 se
1152 4210 1362 4274 trahit
1397 4219 1470 4273 et
1507 4207 1771 4272 seducit
1812 4207 2087 4281 multoS,
2127 4217 2200 4271 et
2238 4209 2333 4270 sic
2372 4207 2702 4288 dispergit
2741 4229 2896 4272 oves

670 4323 839 4385 quas
871 4302 1252 4384 colligeret,
1286 4302 1600 4367 docendo
1631 4302 1813 4384 quod
1850 4321 1990 4364 non
2026 4300 2301 4384 aliquod
2336 4301 2587 4364 malum
2620 4300 2896 4365 damnet

667 4396 858 4461 illum
912 4398 1025 4479 qui
1085 4418 1174 4462 ex
1227 4396 1472 4460 fiducia
1529 4397 1837 4477 cogitare
1890 4404 1964 4459 et
2016 4395 2372 4460 enuntiare
2426 4405 2662 4477 potest
2721 4395 2895 4479 quod

670 4490 982 4555 Christus
1014 4511 1251 4572 passus
1283 4491 1373 4554 sit
1405 4511 1528 4573 pro
1565 4489 1706 4564 illo,
1746 4499 1819 4554 et
1850 4509 1971 4572 per
2000 4489 2067 4552 id
2099 4489 2461 4553 redemerit
2498 4488 2728 4552 illum:
2776 4488 2894 4552 sed

667 4584 850 4668 quod
897 4584 1061 4649 nihil
1107 4586 1290 4648 vitae
1337 4585 1403 4648 in
1447 4584 1566 4648 illa
1610 4582 1743 4648 fide
1787 4585 1897 4659 sit,
1946 4583 2285 4648 videbitur
2328 4583 2397 4646 in
2443 4583 2897 4666 sequentibus.
