3259 5384
928 647 1089 711 cia-1⁵.
1125 647 1312 723 xm„
1344 657 1554 710 vERs.
1586 657 1812 726 4.-Ν,
1846 643 2098 728 790[b].
2462 649 2629 724 2203

387 829 562 893 ratio
602 821 856 892 Divina
891 819 1218 892 in'inane.
1313 827 1466 891 Hoc
1515 828 2053 911 promptuarium
2098 813 2293 892 estin
2341 825 2633 914 naturali

389 923 688 996 homine,
709 933 778 986 et
798 921 939 1004 ejus
963 922 1311 998 memoria,
1333 924 1400 985 in
1423 942 1555 1006 qua
1579 941 1785 986 omne
1810 921 2043 985 scibile
2069 932 2303 1004 potest
2329 921 2629 995 recondi,

287 1014 298 1026 '
388 1027 454 1080 et
476 1019 636 1080 inde
659 1018 1007 1098 depromi:
1049 1018 1115 1079 in
1136 1017 1266 1080 hoc
1292 1018 1758 1098 promptuario
1778 1035 1900 1098 pro
1924 1015 2333 1079 formatione
2358 1016 2631 1097 spiritu-

391 1111 510 1174 alis
541 1111 864 1184 hominia,
901 1119 1098 1175 erunt
1129 1128 1292 1174 ver-a
1327 1131 1502 1193 quae
1537 1110 1901 1184 credenda,
1935 1119 2007 1174 et
2047 1110 2227 1172 bona
2258 1129 2431 1193 quae
2467 1109 2629 1172 faci·

390 1206 584 1278 enda,
611 1215 900 1288 utraque
924 1225 1016 1269 ex
1042 1204 1299 1278 verbe,
1325 1225 1548 1286 exque
1573 1201 1887 1267 doctrina
1909 1214 1982 1267 et
2006 1225 2097 1267 ex
2122 1205 2633 1285 praedicatione

393 1319 478 1362 ex
499 1298 742 1362 Verbo
767 1321 781 1377 ;
829 1299 998 1362 haec
1024 1300 1244 1362 discet
1271 1298 1482 1360 homo
1507 1317 1717 1381 usque
1736 1298 1825 1360 ab
1848 1297 2152 1360 infantia.
2242 1296 2377 1361 Sed
2404 1297 2633 1360 omnia

393 1391 525 1466 illa,
573 1393 644 1454 in
693 1393 1144 1475 qualicunque
1187 1393 1388 1474 copia
1429 1393 1588 1468 sint,
1638 1391 1771 1454 etsi
1815 1411 1907 1454 ex
1953 1390 2211 1466 Verbo,
2259 1400 2632 1473 antequam

399 1505 584 1548 mens
645 1486 1017 1570 spiritualis
1073 1494 1313 1568 aperta
1369 1495 1500 1560 est,
1557 1495 1717 1548 sunt
1780 1484 2137 1559 naturalia,
2202 1505 2360 1548 nam
2428 1485 2637 1547 modo

396 1581 686 1643 scientia
733 1589 914 1643 sunt.
999 1579 1352 1661 Cogitatio
1412 1600 1502 1643 ex
1562 1580 1695 1643 hoc
1757 1580 2226 1661 promptuario
2285 1589 2415 1655 est,
2464 1601 2637 1664 quae

399 1685 680 1737 vocatur
719 1673 888 1738 fides
935 1674 1022 1736 ab
1066 1674 1198 1736 illis
1235 1675 1346 1758 qui
1385 1684 1706 1756 separant
1754 1673 1957 1736 fidem
1996 1693 2037 1736 a
2074 1673 2271 1736 bonis
2316 1675 2633 1756 operibus

399 1767 704 1832 doctrina
759 1778 830 1832 et
875 1769 1038 1832 vita.
1133 1765 1252 1850 (4.)
1319 1767 1517 1831 Mens
1563 1767 1930 1850 spiritualis
1976 1769 2293 1850 primario
2338 1769 2637 1850 aperitur

400 1883 513 1946 per
557 1864 650 1940 id,
699 1863 884 1946 quod
929 1863 1140 1926 homo
1185 1864 1530 1926 abstineat
1577 1883 1618 1925 a
1664 1861 1861 1926 malis
1904 1862 2230 1926 faciendis
2276 1864 2432 1945 quia
2477 1873 2637 1926 sunt

401 1965 634 2020 contra
667 1967 1037 2038 praecepta
1070 1956 1318 2019 Divina
1349 1958 1416 2019 in
1443 1955 1718 2035 Verbo;
1766 1957 1821 2019 si
1853 1956 2063 2020 homo
2092 1977 2184 2020 ex
2216 1957 2351 2019 alio
2390 1957 2635 2021 timore

403 2071 596 2131 quam
656 2071 752 2113 ex
811 2051 930 2113 illo
981 2050 1285 2114 abstinet
1341 2071 1381 2112 a
1439 2050 1660 2124 malis„
1710 2069 1847 2113 non
1902 2051 2202 2132 aperitur
2246 2049 2363 2113 illa
2421 2070 2635 2113 menS.

407 2143 600 2224 Quod
647 2165 846 2208 mens
891 2143 1260 2227 spiritualis
1305 2163 1426 2227 per
1469 2143 1636 2207 illud
1683 2145 2045 2226 aperiatur,
2095 2154 2253 2208 sunt
2300 2144 2431 2208 hae
2476 2165 2637 2208 cau·

408 2257 513 2300 sae
535 2239 908 2314 t-—Prz‘ma‚
931 2239 1112 2321 quod
1132 2239 1308 2319 apud
1336 2238 1683 2302 hominem
1710 2237 1891 2300 mala
1914 2239 2202 2320 primum
2225 2239 2641 2302 removenda

410 2332 560 2407 sint,
599 2343 976 2415 antequam
1014 2333 1074 2395 ei
1111 2333 1645 2395 communicatio
1682 2342 1751 2394 et
1791 2329 2181 2412 conjunctio
2220 2333 2362 2395 dari
2400 2342 2637 2416 potest

411 2443 552 2488 cum
579 2425 776 2490 caelo
801 2448 816 2504 3
857 2426 1038 2489 mala
1057 2427 1259 2500 enim,
1283 2445 1454 2509 quae
1480 2425 1711 2488 omnia
1734 2435 1894 2489 sunt
1922 2427 1990 2488 in
2018 2427 2309 2490 naturali
2336 2426 2634 2500 homine,

410 2519 704 2584 clausum
742 2528 988 2585 tenent
1025 2519 1314 2594 caelum,
1349 2519 1532 2602 quod
1571 2529 1803 2583 tamen
1843 2521 2283 2601 aperiendum
2318 2529 2450 2595 est,
2485 2519 2641 2604 quia

411 2611 648 2696 alioqui
695 2615 908 2678 homo
955 2623 1188 2678 manet
1249 2612 1598 2676 naturalis-³.
1692 2613 1991 2676 secunda
2050 2633 2254 2677 causa
2306 2624 2435 2690 est,
2484 2615 2643 2697 quia

413 2705 708 2772 Verbum
755 2717 864 2772 est
910 2730 951 2772 a
997 2707 1317 2782 Domino,
1355 2718 1428 2771 et
1477 2708 1637 2772 inde
1680 2710 1748 2771 in
1788 2707 2023 2772 Verbo
2070 2707 2425 2784 Dominu3‚
2465 2710 2641 2773 adeo

414 2811 480 2863 ut
524 2801 678 2884 Ipse
726 2805 816 2867 sit
864 2802 1212 2881 Verbum;
1266 2812 1374 2865 est
1421 2803 1602 2865 enim
1642 2801 1949 2865 Verbum
1996 2801 2318 2866 Divinum
2358 2803 2639 2877 Verum,

413 2898 578 2976 quod
611 2917 818 2960 omne
851 2907 957 2960 est
989 2919 1031 2960 a
1063 2897 1400 2959 Domino:
1450 2896 1606 2959 inde
1631 2899 1956 2978 sequitur,
1984 2897 2167 2980 quod
2192 2899 2305 2981 qui
2336 2897 2639 2962 abstinet

417 3005 453 3049 a
486 2991 674 3054 malis
731 2991 1080 3066 faciendis„
1128 2991 1284 3073 quia
1343 2999 1503 3054 sunt
1563 2999 1809 3054 contra
1862 2989 2109 3054 Divina
2154 3001 2528 3074 praecepta
2577 2993 2646 3054 in

416 3080 658 3160 Verbo,
707 3087 1056 3149 abstineat
1102 3085 1191 3147 ab
1241 3082 1375 3148 illis
1420 3105 1512 3148 ex
1561 3083 1880 3148 Domino.
1984 3085 2211 3149 Tertia
2263 3106 2470 3149 causa
2514 3096 2643 3161 est,

416 3180 583 3258 qu'od
602 3189 935 3262 quantum
956 3187 1396 3242 removentur
1415 3177 1595 3241 mala
1619 3187 1892 3242 tantum
1919 3181 2177 3244 intrent
2203 3179 2423 3244 bona:
2463 3181 2647 3262 quod
2696 3227 2705 3246 ,

416 3272 505 3334 ita
525 3275 633 3349 sit,
661 3275 874 3338 homo
899 3293 990 3338 ex
1023 3274 1174 3337 solo
1207 3273 1498 3337 naturali
1533 3273 1785 3337 lumine
1818 3283 2053 3357 potest
2079 3275 2348 3353 videre3
2382 3285 2650 3340 remota

423 3367 588 3430 enirn
627 3368 909 3432 lascivia
953 3370 1166 3430 intrat
1213 3369 1522 3442 castitas„
1563 3377 1831 3432 remota
1868 3369 2399 3451 intemperantia
2434 3369 2649 3434 intrat

423 3464 890 3544 temperantia,
938 3470 1208 3525 remoto
1252 3461 1422 3524 dolo⁴
1459 3463 1675 3525 intrat
1735 3464 2113 3538 sinceritas»,
2162 3476 2431 3528 remoto
2489 3465 2646 3529 odio

423 3563 488 3616 et
523 3554 821 3636 jucundo
861 3553 1206 3618 vindictae
1249 3557 1463 3619 intrat
1509 3575 1705 3618 amor
1752 3565 1824 3620 et
1864 3556 2233 3638 jucundum
2281 3559 2530 3622 amoris
2575 3570 2648 3624 et

422 3651 790 3728 amicitiae;
838 3659 910 3714 et
947 3651 1042 3712 sic
1082 3650 1149 3712 in
1187 3649 1500 3732 reliquis;
1548 3659 1619 3714 et
1658 3650 1789 3713 hoc
1826 3671 1917 3713 ex
1949 3670 2174 3727 causa,
2216 3654 2371 3736 quia
2409 3653 2648 3717 Domi-

425 3759 558 3816 nuS‚
595 3756 666 3808 et
713 3763 870 3807 cum
919 3743 1078 3826 Ipso
1121 3744 1411 3819 caelum,
1451 3746 1687 3820 intrat,
1728 3754 2059 3826 quantum
2099 3747 2309 3810 homo
2345 3747 2649 3813 abstinet

425 3854 461 3896 a
501 3839 692 3902 malis
737 3839 1061 3903 faciendis
1099 3859 1190 3901 ex
1228 3837 1484 3914 Verbo,
1524 3841 1682 3922 quia
1719 3848 1881 3903 tunc
1920 3841 2009 3903 ab
2046 3839 2178 3904 illis
2214 3841 2520 3906 abstinet
2558 3863 2650 3906 ex

429 3927 729 3997 Domino.
825 3931 948 4016 (5.)
1023 3931 1159 3997 Sed
1226 3932 1550 4015 exempla
1615 3934 1792 3998 hanc
1855 3953 1997 3999 rem
2064 3935 2430 4001 illustrent.
2522 3937 2650 4002 Pro

426 4027 747 4109 exemplis
770 4030 908 4091 sint
933 4028 1104 4090 haec
1130 4036 1422 4110 quatuor
1445 4037 1818 4110 praecepta
1842 4027 2180 4112 decalogi,
2212 4035 2251 4063 ‘⁴
2272 4030 2429 4094 Non
2455 4030 2651 4094 adul-

429 4121 800 4196 teraberis,”
845 4121 1064 4184 “Non
1115 4121 1502 4198 furaberi8‚¹'
1550 4121 1770 4185 “Non
1824 4123 2158 4202 occide3‚”
2206 4124 2422 4188 “Non
2478 4125 2651 4189 falso

429 4215 838 4291 testaberis,”
880 4235 1056 4298 quae
1113 4227 1274 4279 sunt
1319 4226 1689 4300 praecepta
1750 4215 2019 4294 Divina,
2069 4219 2225 4302 quia
2288 4221 2357 4283 in
2396 4217 2650 4284 Verbo.

435 4301 553 4386 Qui
575 4308 742 4391 fugit
773 4318 845 4373 et
877 4319 1230 4374 aversatur
1252 4310 1661 4374 adulterium
1686 4331 1777 4375 ex
1804 4313 2048 4376 timore
2074 4315 2257 4397 quod
2289 4315 2378 4378 sit
2410 4323 2655 4378 contra

435 4396 804 4481 Dominum,
865 4415 1108 4468 contra
1172 4404 1458 4480 caelum,
1508 4415 1579 4470 et
1648 4416 1891 4470 contra
1950 4406 2165 4471 vitam
2230 4409 2652 4490 spiritualem

437 4499 784 4562 secundum
823 4518 1026 4582 quam
1065 4507 1172 4562 est
1209 4499 1500 4562 felicitas
1547 4509 1851 4575 aeterna,
1890 4501 1947 4563 is
1992 4511 2181 4564 amat
2226 4503 2649 4578 castitatem,

437 4596 500 4651 et
525 4604 704 4657 amat
736 4593 1122 4676 conjugem,
1149 4595 1304 4678 quia
1336 4611 1528 4656 amor
1557 4613 1717 4658 vere
1747 4593 2149 4678 conjugialis
2178 4593 2288 4659 est
2318 4595 2466 4678 ipsa
2496 4615 2647 4662 cas·
