3259 5384
1423 494 1449 549 l
1537 489 1544 500 .

713 655 886 724 2254
1333 651 1834 707 APOCALYPSIS
1878 657 2329 710 EXPLICATA.

711 821 1132 902 spiritualem
1159 823 1464 897 veniunt,
1493 823 1560 886 in
1587 833 1696 889 tot
1721 824 1905 889 falsis
1938 825 2073 889 sint
2100 835 2177 890 ut
2196 827 2321 890 vix
2346 845 2553 890 unum
2580 826 2940 908 genuInutn

709 935 942 980 verum
998 919 1256 981 sciant:
1295 918 1524 983 aliter
1571 941 1736 983 vero
1785 920 1883 983 illi
1930 922 2043 1002 qui
2096 942 2233 985 non
2288 921 2785 986 confirmarunt
2834 919 2943 982 illa

708 1011 888 1091 apud
935 1030 1028 1084 se,
1069 1021 1141 1075 et
1187 1011 1385 1076 simul
1431 1013 1727 1095 aliquam
1766 1015 1979 1078 vitam
2024 1013 2201 1088 fidei,
2242 1033 2417 1096 quae
2462 1025 2575 1078 est
2624 1013 2941 1086 charitas.

709 1105 1030 1168 vixerunt
1060 1125 1074 1181 ;
1125 1105 1192 1168 hi
1225 1118 1510 1188 possunt
1543 1109 1782 1171 instrui
1816 1109 1884 1170 in
1916 1109 2093 1172 veris
2124 1107 2303 1180 fidei,
2338 1118 2411 1171 et
2442 1128 2601 1172 cum
2642 1106 2943 1172 instructi

668 1257 678 1266 ,
711 1206 892 1270 sunt,
933 1199 1139 1280 recipi
1175 1200 1354 1262 inter
1390 1199 1679 1281 angelos
1716 1201 1783 1264 in
1822 1201 2055 1264 caelo:
2112 1221 2271 1266 nam
2311 1221 2585 1282 prorsus
2623 1201 2807 1265 aliud
2842 1211 2943 1264 est

711 1289 878 1354 talia
924 1291 1201 1357 credere
1247 1292 1382 1357 fide
1432 1294 1857 1370 confirmata,
1906 1305 1979 1360 et
2032 1296 2129 1360 sic
2182 1295 2412 1372 corde,
2462 1314 2542 1359 ac
2600 1293 2787 1361 aliud
2841 1305 2942 1360 est

710 1385 988 1448 credere
1021 1386 1138 1449 illa
1169 1386 1304 1451 fide
1341 1408 1476 1450 non
1511 1389 1937 1452 confirmata.

833 1476 964 1560 (x.)
1045 1479 1238 1557 Quod
1271 1480 1453 1564 fides
1500 1482 1779 1546 salvans
1820 1491 2116 1564 prorsus
2159 1481 2301 1546 alia
2353 1481 2449 1548 sit
2460 1503 2494 1558 ,⁰
2556 1481 2649 1546 de
2701 1503 2835 1568 qua
2879 1483 2942 1545 in

713 1591 879 1635 mox
913 1575 1372 1656 sequentibus·

829 1678 1040 1746 806.
1097 1681 1410 1750 “Qum-um
1452 1701 1568 1744 non
1609 1682 1844 1764 σοι-ἱρέα
1885 1683 2125 1746 nomina
2163 1681 2225 1743 in
2264 1683 2418 1746 libe-o
2462 1683 2621 1745 vitae
2654 1681 2943 1764 1911172-

712 1767 916 1850 Quod
959 1773 1294 1853 significet
1341 1773 1424 1836 ab
1469 1775 1767 1838 omnibus
1812 1774 1933 1856 qui
1970 1795 2095 1837 non
2139 1773 2534 1856 spirituales
2562 1773 2763 1854 fadi
2796 1781 2947 1835 sunt

699 1873 832 1945 per
891 1867 1446 1947 regenerationem
1502 1889 1547 1931 a
1602 1869 1901 1945 Domine,
1964 1878 2241 1934 constat
2293 1891 2385 1932 ex
2446 1868 2941 1950 significatione

715 1961 1184 2036 “nominum‚”
1228 1963 1410 2044 quod
1455 1964 1544 2026 sit
1590 1963 1825 2046 quales
1870 1973 2051 2040 sunt,
2100 1983 2259 2028 nam
2304 1983 2425 2046 per
2472 1962 2837 2026 “nomen”
2878 1963 2939 2024 in

711 2052 946 2118 Verbo
979 2055 1394 2136 significatur
1423 2057 1623 2140 quale
1655 2059 1749 2122 rei
1780 2067 1852 2122 et
1884 2067 2127 2132 status,
2161 2069 2233 2122 et
2270 2058 2400 2122 hoc
2434 2079 2525 2120 ex
2556 2079 2765 2122 causa
2796 2057 2941 2140 quia

709 2149 776 2210 in
832 2151 1086 2212 mundo
1137 2151 1466 2232 spirituali
1526 2172 1663 2216 non
1722 2161 1879 2216 sunt
1938 2155 2247 2235 personis
2305 2153 2581 2216 nomina
2641 2154 2821 2216 sicut
2876 2151 2937 2212 in

709 2243 966 2306 mundo
998 2244 1308 2318 naturali,
1337 2246 1457 2308 sed
1489 2247 1770 2330 quisque
1800 2247 1890 2310 ibi
1922 2248 2311 2311 nominatur
2342 2247 2721 2311 secundum
2747 2245 2937 2330 quale

708 2354 903 2397 suum
937 2349 1021 2410 (de
1041 2365 1139 2409 qua
1159 2353 1445 2399 revideam-
1464 2367 1624 2412 supra,
1648 2367 1695 2400 n.
1718 2337 1897 2418 676);·
1936 2347 2007 2401 et
2034 2358 2125 2400 ex
2150 2338 2655 2420 significatione
2684 2337 2937 2400 “scribi

707 2427 774 2486 in
812 2425 984 2489 libro
1015 2429 1196 2490 vitae
1229 2428 1476 2510 Agni,”
1509 2430 1690 2511 quod
1723 2431 1811 2493 sit
1842 2431 1909 2493 in
1942 2449 2174 2493 amore
2205 2439 2275 2494 et
2308 2429 2441 2493 fide
2471 2431 2538 2493 in
2574 2429 2936 2493 Dominum

707 2535 862 2579 esse
899 2531 1512 2600 (dequnsupm,n.199.
1549 2536 1692 2589 222.
1723 2535 1896 2601 299),
1934 2521 2031 2584 ita
2074 2541 2345 2603 quoque
2391 2521 2766 2603 spiritualis
2806 2520 2938 2583 fieri

707 2627 828 2688 per
863 2612 1452 2690 regenerationem
1490 2612 1578 2675 ab
1617 2611 1813 2694 Ipso;
1855 2631 2012 2675 nam
2050 2612 2145 2676 illi
2182 2615 2292 2694 qui
2329 2614 2395 2674 in
2434 2631 2667 2676 amore
2710 2623 2781 2676 et
2816 2611 2938 2674 fide

705 2701 773 2764 in
823 2702 1188 2766 Dominum
1233 2725 1274 2767 a
1321 2704 1618 2768 Domino
1662 2715 1843 2781 sunt,
1882 2705 2265 2787 spirituales
2311 2706 2499 2778 fiunt,
2534 2725 2735 2769 amor
2768 2705 2935 2769 enim

707 2805 778 2858 et
838 2795 1004 2859 fides
1061 2796 1331 2861 illorum
1385 2798 1750 2880 spiritualis
1810 2809 1937 2874 est,
1998 2810 2071 2862 et
2129 2819 2397 2882 quoque
2455 2797 2553 2861 illi
2612 2809 2777 2862 sunt
2830 2798 2934 2880 qui

706 2900 1041 2954 vocantur
1096 2893 1500 2974 regenerati,
1551 2913 1629 2956 ac
1688 2893 2163 2974 intelliguntur
2217 2913 2337 2975 per
2388 2891 2543 2955 illos
2600 2897 2933 2974 “quorum

709 2983 982 3048 nomin'a
1019 2975 1274 3068 scripta
1309 2996 1468 3050 sunt
1514 2989 1582 3049 in
1630 2987 1803 3050 libro
1838 2989 2021 3050 vitae
2061 2984 2307 3068 Agni.”
2416 2986 2583 3049 Inde
2622 2997 2933 3050 constare

707 3088 938 3160 potest
975 3081 1156 3161 quod
1195 3101 1313 3162 per
1347 3083 1681 3144 “nomina
1712 3081 1965 3162 scripta
2003 3081 2071 3144 in
2110 3081 2281 3144 libro
2310 3081 2497 3144 vitae
2535 3079 2773 3162 Agni”
2802 3099 2931 3143 non

705 3172 1130 3254 intelligatur
1161 3175 1342 3256 quod
1387 3193 1618 3238 eorum
1666 3175 1941 3238 nomina
1986 3175 2077 3238 ibi
2122 3175 2283 3248 sint,
2322 3173 2446 3236 sed
2482 3174 2665 3256 quod
2708 3191 2931 3237 eorum

708 3266 910 3347 quale
942 3269 1041 3330 ita
1071 3270 1180 3342 sit,
1217 3289 1484 3350 nempe,
1517 3269 1700 3351 quod
1734 3267 2117 3351 spirituales
2146 3265 2303 3332 sacti
2336 3268 2473 3331 sint
2506 3287 2625 3349 per
2655 3287 2931 3347 regene-

705 3361 1040 3424 rationem
1093 3382 1134 3424 a
1185 3360 1501 3426 Domino.
1615 3363 1695 3425 In
1744 3362 2205 3443 praecedente
2250 3360 2541 3424 articulo
2588 3372 2931 3424 ostensum

705 3464 812 3518 est
847 3451 1057 3537 ¹⁸¹quid
1090 3455 1256 3520 fides
1289 3477 1460 3539 quae
1484 3467 1763 3539 recepta
1794 3465 1901 3520 est
1932 3477 1973 3519 a
2006 3457 2348 3520 communi
2381 3466 2583 3518 coetu
2615 3457 2683 3518 in
2713 3455 2930 3518 eccle·

705 3551 842 3627 sia;
891 3570 1156 3632 nempe,
1197 3561 1270 3614 ut
1314 3552 1629 3615 credatur
1666 3551 1847 3633 quod
1894 3550 2080 3615 Deus
2128 3550 2329 3613 Pater
2364 3550 2621 3612 miserit
2670 3548 2927 3622 Filium,

705 3654 780 3707 ut
835 3664 952 3725 per
1012 3644 1212 3707 Illum
1271 3647 1361 3708 sit
1420 3645 1835 3727 propitiatio,
1894 3645 2374 3719 misericordia,
2432 3643 2812 3725 redemptio
2861 3651 2929 3706 et

705 3737 1018 3814 salvati0,
1046 3748 1190 3802 tum
1216 3739 1396 3820 quod
1431 3738 1641 3802 Filius
1674 3738 1802 3801 Dei
1828 3740 2199 3820 portaverit
2226 3738 2616 3820 iniquitates
2644 3747 2924 3810 nostru,

705 3832 883 3914 quod
917 3834 1300 3896 intercedat
1331 3853 1452 3915 pro
1483 3833 1699 3905 nobiS,
1733 3831 2047 3914 quodque
2084 3833 2399 3894 meritum
2433 3830 2651 3912 Ipsius
2688 3829 2930 3912 suppli·

704 3927 1018 3989 cantibus
1055 3947 1146 3990 ex
1185 3927 1428 3990 fiducia
1464 3935 1536 3989 et
1581 3926 2001 3989 confidentia
2042 3924 2437 4002 addicatur;
2484 3925 2667 4010 quod
2713 3924 2931 3987 omnia

703 4020 822 4084 illa
865 4022 1002 4084 sint
1047 4041 1264 4085 vanae
1309 4041 1535 4095 voceS,
1583 4021 1653 4082 in
1698 4021 1935 4101 quibus
1982 4018 2147 4084 nihil
2185 4021 2323 4084 veri
2368 4019 2743 4082 secundum
2788 4019 2924 4100 opi·
2970 4047 2973 4052 ·

705 4115 978 4178 nionem
1023 4115 1458 4189 eruditorum,
1506 4123 1578 4178 et
1623 4114 1782 4177 inde
1829 4113 1995 4177 nihil
2048 4113 2286 4176 salutis
2332 4113 2442 4186 sit,
2492 4113 2556 4175 in
2614 4111 2928 4194 superiori

702 4207 992 4272 articulo
1043 4210 1435 4288 expositum
1483 4217 1610 4271 est.
1710 4205 1913 4288 Quod
1968 4205 2086 4270 illa
2138 4225 2355 4268 vanae
2399 4225 2607 4268 voces
2662 4207 2818 4278 sint,
2868 4205 2930 4267 in

703 4302 947 4382 quibus
1010 4300 1176 4364 nihil
1235 4303 1397 4376 veri,
1459 4310 1778 4364 constare
1844 4309 2079 4382 potest
2144 4319 2237 4364 ex
2297 4299 2533 4365 Verbo
2586 4299 2675 4362 de
2732 4319 2928 4362 causa

703 4397 1042 4459 adventus
1096 4395 1370 4458 Domini
1417 4396 1484 4458 in
1539 4395 1889 4468 mundum,
1948 4402 2019 4458 et
2078 4413 2196 4459 cur
2249 4413 2489 4476 passus
2540 4403 2690 4470 est;
2751 4390 2925 4474 quod

705 4509 950 4571 nempe
996 4489 1328 4552 Dominus
1373 4490 1442 4551 in
1481 4489 1805 4552 mundum
1841 4489 2103 4553 venerit
2141 4488 2228 4551 ad
2274 4486 2680 4551 salvandum
2726 4504 2931 4568 genus

703 4584 1094 4659 humanum,
1144 4583 1324 4666 quod
1369 4583 1618 4666 alioqui
1674 4583 1981 4666 periisset
2029 4591 2251 4645 morte
2307 4589 2589 4645 aeterna
2610 4601 2630 4660 ς
2690 4590 2763 4644 et
2814 4595 2930 4662 per
