3259 5384
919 670 1079 721 cAP.
1112 670 1267 735 XII..
1300 671 1509 726 vans.
1540 658 1766 723 6.—N.
1801 658 2070 743 730[d].
2442 676 2615 745 2039

370 838 690 908 afflixerit
724 850 821 916 te,
846 850 919 917 et
952 842 1325 907 tentaverit
1360 852 1453 917 te,
1480 843 1577 907 ad·
1600 843 2161 908 benefaciendum
2196 846 2318 910 tibi
2349 847 2415 909 in
2451 866 2611 929 pos·—

370 937 654 1002 teritate
692 945 813 999 tua
835 934 889 996 :''
932 936 1077 999 vita
1114 935 1385 1001 illorum
1423 937 1792 1019 spiritualis
1828 939 2236 1003 describitur
2273 958 2393 1021 per
2428 940 2612 1022 quod

364 1029 681 1111 Jehovah
720 1029 1027 1095 docuerit
1066 1029 1223 1093 illos
1258 1031 1441 1113 quod
1484 1037 1682 1095 “non
1728 1052 1851 1114 per
1883 1052 2130 1115 panem
2165 1032 2391 1099 solum
2423 1034 2612 1098 vivat

366 1124 601 1199 bomo,
630 1124 754 1189 sed
780 1144 897 1207 per
922 1144 1127 1187 omne
1150 1126 1585 1189 enuntiatum
1608 1127 1744 1189 oris
1768 1126 2128 1207 Jehovae.”
2189 1126 2394 1209 Quod
2416 1132 2457 1161 “
2475 1147 2614 1190 non

368 1218 587 1281 vestis
616 1236 855 1283 eorum
884 1218 1273 1285 inveterata
1305 1219 1529 1295 suerit,
1562 1230 1636 1284 et
1674 1241 1794 1303 pes
1831 1240 2068 1284 eorum
2098 1241 2236 1285 non
2273 1222 2612 1285 intumue-

368 1312 518 1389 qitss’
544 1310 887 1393 significat
914 1313 1097 1395 quod
1124 1314 1453 1379 naturalis
1478 1314 1690 1378 homo
1713 1334 1850 1379 non
1877 1315 2099 1379 laesus
2129 1317 2220 1379 sit
2254 1336 2372 1398 per
2401 1315 2614 1379 afflic-

370 1406 601 1473 tiones
624 1406 779 1469 illas
803 1427 820 1484 ;
866 1414 904 1439 ‘⁴
922 1416 1155 1471 vestes
1172 1406 1202 1431 ”
1226 1409 1407 1471 enim
1430 1407 1822 1490 significant
1845 1430 2006 1473 vera
2033 1410 2362 1474 naturalis
2394 1410 2616 1473 homi-

374 1501 503 1575 nis,
544 1519 627 1563 ac
679 1506 858 1581 “pes
871 1499 899 1525 ’³
936 1501 1157 1582 ipsum
1204 1500 1589 1565 naturalem
1630 1502 1999 1567 hominem.
2091 1502 2452 1569 Praeterea
2497 1524 2616 1587 per

379 1594 952 1677 “quadraginta,’'
996 1597 1143 1661 sive
1194 1615 1412 1660 annos
1464 1598 1609 1660 sive
1661 1598 1830 1673 dies,
1877 1598 2300 1679 significatur
2345 1600 2618 1681 integra

374 1686 649 1751 duratio
680 1687 1151 1751 tentationum
1182 1703 1422 1756 (vidmur
1440 1716 1603 1763 supra,
1622 1716 1674 1752 ιι.
1689 1688 1862 1769 633).
1947 1688 2214 1752 Similia
2248 1691 2613 1755 involvunt

375 1778 545 1855 haec
584 1780 767 1861 apud
802 1778 1155 1855 Davidem,

476 1924 509 1946 '⁸
522 1921 785 1972 Erramnt
808 1923 864 1973 in
884 1924 1099 1973 deserto
1122 1920 1227 1989 [in]
1249 1924 1537 1974 solitudine
1558 1920 1747 1985 blviae,
1767 1927 1954 1975 urbem
1974 1926 2322 1977 habitationis
2341 1942 2452 1977 non
2471 1928 2620 1979 inve-

641 1999 853 2048 nerunt,
880 1989 1109 2041 famelici
1134 1998 1189 2039 et
1213 1991 1468 2039 sitibundi
1488 2005 1501 2051 ;
1536 2005 1657 2039 cum
1677 1992 1860 2039 anima
1880 2006 2068 2041 eorum
2089 1992 2143 2041 in
2159 1991 2188 2011 '⁹
2207 1992 2296 2041 via
2314 1992 2619 2053 “deficeret,

649 2090 663 2103 .
684 2054 1009 2105 ‚clamarunt
1042 2055 1109 2104 ad
1138 2054 1443 2119 Jehovam„
1464 2093 1477 2105 .
1496 2093 1509 2105 .
1530 2056 1704 2105 ‚duxit
1731 2072 1828 2105 eos
1855 2056 1909 2107 in
1941 2054 2082 2107 [fivia
2115 2054 2264 2117 resti,
2292 2068 2352 2111 ut
2378 2057 2518 2108 irent
2551 2059 2622 2108 ad

636 2120 827 2168 urbem
852 2120 1199 2169 habitationis
1214 2118 1243 2139 '⁹
1268 2119 1378 2182 (Ps.
1402 2120 1519 2170 cvii.
1543 2124 1693 2183 4-7):

380 2248 551 2313 haec
597 2250 667 2313 in
710 2269 961 2332 genere
998 2248 1181 2314 dicta
1218 2260 1377 2315 sunt
1416 2251 1502 2315 de
1537 2251 1937 2333 redemptiS,
1975 2252 2044 2315 in
2083 2252 2310 2335 specie
2345 2254 2432 2317 de
2469 2252 2620 2317 filiis

380 2345 653 2409 Israelis
700 2346 767 2408 in
813 2345 1113 2420 deserto,
1164 2354 1233 2409 et
1289 2366 1409 2428 ρει·
1453 2345 1570 2409 illa
1613 2348 1822 2409 verba
1868 2347 2343 2411 describuntur
2388 2358 2619 2411 tenta·
2729 2385 2740 2395 ·

382 2439 607 2503 tiones
638 2438 909 2504 illorum
942 2440 1053 2522 qui
1085 2450 1579 2521 regenerantur
1608 2460 1650 2503 a
1681 2440 2024 2518 Domino;
2073 2451 2145 2504 et
2177 2462 2296 2523 per
2331 2442 2622 2505 “urbem

381 2532 831 2599 habitationis
846 2532 875 2557 ”
910 2553 1113 2615 quam
1160 2553 1299 2597 non
1358 2534 1788 2608 invenerunt,
1837 2534 2258 2616 significatur
2313 2534 2624 2599 doctrina

380 2628 585 2702 vitae,
610 2648 787 2709 quae
816 2628 997 2709 apud
1028 2627 1377 2691 hominem
1410 2628 1573 2691 facit
1604 2627 1968 2691 ecclesiam
1993 2650 2008 2706 ;
2057 2639 2128 2693 et
2154 2631 2308 2712 quia
2333 2630 2625 2693 ecclesia

380 2720 711 2788 formatur
754 2722 935 2803 apud
980 2721 1333 2786 hominem
1379 2742 1499 2803 per
1532 2723 1752 2785 vitam
1799 2723 2174 2786 secundum
2219 2722 2620 2799 doctrinam,

381 2812 645 2879 exactis
686 2816 1209 2891 tentationibuS,
1254 2816 1501 2879 dicitur
1540 2816 1724 2897 quod
1767 2814 2081 2897 Jehovah
2123 2824 2162 2850 ‘⁸
2184 2818 2460 2881 duxerit
2505 2838 2624 2882 eos

381 2910 453 2973 'm
492 2906 657 2973 ‘fivia
700 2907 889 2985 resti,
938 2921 1013 2975 ut
1074 2912 1251 2975 irent
1311 2911 1399 2975 ad
1456 2910 1692 2974 urbem
1741 2910 2190 2976 habitationis
2211 2912 2264 2991 ;¹'
2323 2911 2624 2977 defectus

380 3005 521 3069 veri
566 3024 779 3085 usque
824 3004 911 3069 ad
964 3004 1539 3087 desperationem,
1588 3014 1662 3069 et
1721 3025 1934 3087 usque
1993 3005 2400 3070 desiderium
2459 3008 2621 3089 ejus,

384 3096 803 3179 significatur
826 3118 943 3181 ρει·
968 3098 1151 3180 quod
1181 3105 1219 3131 ‘⁸
1236 3097 1531 3163 famelici
1556 3108 1627 3161 et
1653 3099 1982 3164 sitibundi
2011 3110 2268 3176 essent,
2297 3112 2372 3163 ut
2397 3102 2627 3163 anima

385 3212 615 3257 eorum
652 3194 721 3255 in
760 3194 869 3257 via
904 3191 1287 3259 deficeret.”
1376 3192 1586 3275 Apud
1625 3192 2024 3270 Jeremiam,

486 3334 874 3385 ’‘Recordatus
919 3350 1063 3385 sum.
1085 3333 1403 3399 juventutis
1444 3344 1584 3395 tuae,
1626 3335 1830 3385 amoris
1869 3335 2348 3399 desponsationum
2399 3344 2627 3392 tuarum,

650 3414 772 3450 cum
808 3402 957 3451 ivisti
989 3410 1115 3463 post
1149 3400 1241 3450 Me
1278 3401 1335 3449 in
1367 3402 1609 3451 deserto.
1628 3438 1643 3451 .
1663 3439 1675 3451 .
1697 3418 1737 3451 .:
1775 3416 1888 3450 non
1921 3402 2187 3460 dixerunt,
2227 3400 2332 3449 Ubi
2367 3399 2626 3463 jehovaln

648 3467 743 3529 qui
763 3468 1053 3516 ascendere
1081 3466 1207 3516 fecit
1236 3480 1339 3516 nos
1366 3482 1397 3515 e
1425 3476 1571 3515 terra
1597 3467 1850 3529 Aegypti,
1875 3467 1964 3530 qui
1993 3468 2146 3517 duxit
2172 3480 2274 3515 nos
2307 3467 2362 3515 in
2393 3466 2627 3523 deserto,

634 3532 705 3580 ‚in
732 3540 875 3581 terra
896 3532 1201 3581 solitudinis
1225 3540 1281 3581 et
1307 3532 1514 3590 foveae,
1545 3532 1599 3581 in
1630 3540 1773 3581 terra
1800 3532 2052 3583 siccitatis
2081 3542 2136 3580 et
2163 3532 2382 3581 umbrae
2409 3530 2628 3589 densae,

649 3597 707 3645 in
742 3606 887 3645 terra
918 3610 1017 3659 per
1042 3610 1203 3659 quam
1240 3610 1351 3646 non
1388 3596 1640 3647 transivit
1673 3597 1770 3654 vir,
1800 3612 1976 3659 neque
2009 3596 2268 3645 habitavit
2295 3596 2497 3646 homo?
2564 3596 2630 3646 Et

649 3662 783 3711 duxi
804 3676 911 3776 νοῒ
927 3664 985 3711 in
1008 3672 1207 3713 terram
1231 3662 1417 3725 frugis,
1440 3662 1509 3711 ad
1532 3663 1924 3737 comedendum
1948 3660 2182 3711 fructum
2205 3660 2326 3724 ejus
2345 3671 2404 3711 et
2426 3662 2629 3711 bonum

650 3726 769 3790 ejus
780 3725 813 3747 ”
835 3726 873 3791 (i
934 3740 978 3787 2,
1002 3728 1050 3789 6,
1078 3728 1155 3790 7):

386 3882 505 3945 per
546 3861 1032 3943 “juventutem
1049 3858 1081 3887 '’
1116 3870 1189 3924 et
1233 3864 1593 3923 “amorem
1632 3857 2307 3942 desponsati.onum,”
2343 3876 2629 3940 quorum

388 3957 790 4021 recordatus
837 3965 945 4019 est
997 3953 1332 4036 Jehovah,
1381 3952 1804 4034 significatur
1851 3964 2077 4017 status
2130 3953 2630 4017 reformationis

388 4062 459 4117 et
504 4051 1047 4135 regenerationis
1092 4050 1409 4127 hominiS,
1459 4047 1621 4111 dum
1666 4068 1708 4111 a
1754 4048 2050 4113 naturali
2093 4046 2170 4111 fit
2217 4046 2627 4131 spiritualis;

391 4146 545 4228 qm'n
590 4142 801 4211 homo
846 4164 964 4227 per
1006 4144 1079 4207 id
1122 4142 1559 4225 conjungitur
1606 4142 1928 4218 Domino,
1976 4152 2050 4205 et
2095 4143 2292 4223 quasi
2331 4142 2628 4224 despon-

393 4250 577 4303 satur
616 4236 723 4314 Ei,
763 4246 873 4302 est
912 4238 984 4301 id
1026 4238 1207 4321 quod
1246 4237 1658 4319 intelligitur
1695 4256 1814 4321 per
1853 4242 2216 4299 “amorem
2251 4236 2631 4318 desponsa-

395 4330 735 4409 tionum?
788 4334 945 4415 quia
989 4332 1057 4395 id
1104 4331 1180 4396 fit
1226 4352 1347 4415 per
1393 4333 1842 4407 tentationeS,
1891 4332 2138 4396 dicitur
2187 4338 2395 4394 “cum
2449 4331 2632 4394 ivisti

395 4438 545 4509 post
595 4427 711 4491 Me
754 4428 832 4490 iit
870 4428 1147 4490 deserto
1167 4424 1222 4505 ;”
1274 4436 1499 4489 status
1546 4428 2014 4489 tentationum
2060 4425 2466 4488 describitur
2508 4446 2630 4507 per

400 4528 437 4553 '⁴
456 4521 671 4586 Duxit
719 4539 831 4585 me
875 4524 945 4585 in
989 4521 1287 4596 deserto,
1335 4523 1402 4583 in
1450 4531 1636 4584 terra
1679 4519 2066 4583 solitudinis
2119 4529 2189 4583 et
2249 4519 2510 4594 foveae,
2559 4518 2628 4581 in

398 4626 586 4683 terra
608 4617 955 4685 εἰεείκαῖα
988 4625 1060 4681 et
1106 4615 1385 4683 umbrae
1421 4615 1678 4679 densae
1705 4614 1760 4695 ;''
1802 4614 2207 4682 “desertum
2224 4612 2254 4637 ”
2285 4612 2628 4695 significat
