3259 5384
634 667 709 716 21
726 652 801 716 18
1250 666 1753 720 APOCALYPsls
1795 667 2247 721 numen-A.

631 835 857 900 tiones
920 837 1059 899 veri
1124 845 1197 900 et
1265 834 1473 915 boni3
1544 857 1665 920 per
1733 839 2332 920 “negotiationem
2349 838 2380 864 ”
2445 839 2859 922 significatur

630 931 1055 1011 comparatio
1104 938 1179 994 et
1232 932 1766 996 communicatio
1817 931 2125 1010 illarum3
2188 953 2306 1014 per
2355 933 2740 1014 “javanem
2787 945 2860 998 et

631 1022 1063 1088 Thubalem’'
1106 1021 1527 1106 sigificantur
1570 1023 1796 1090 cultus
1841 1035 2171 1090 externus
2215 1029 2856 1109 repraesentativus,

628 1135 709 1181 ac
764 1113 936 1199 ¹²¹per
983 1118 1339 1182 “animam
1390 1117 1739 1182 hominis”
1791 1117 2211 1200 significatur
2263 1119 2552 1183 scientia
2602 1120 2742 1182 veri
2793 1120 2858 1182 in

631 1211 921 1275 naturali
954 1211 1253 1286 homine,
1284 1221 1357 1276 et
1390 1233 1510 1294 per
1543 1217 1766 1276 “vasa
1795 1212 2015 1276 aeris”
2046 1214 2344 1276 scientia
2365 1213 2526 1276 boni
2563 1214 2632 1276 in
2663 1223 2862 1277 natu·

628 1304 753 1368 tali
790 1304 1086 1371 homine.
1174 1304 1479 1370 Scientia
1508 1308 1650 1370 veri
1689 1307 2016 1371 naturalis
2047 1307 2256 1372 etiam
2296 1305 2719 1389 significatur
2747 1327 2864 1390 per

632 1398 951 1461 “animas
970 1399 1380 1475 hominum‚”
1392 1399 1455 1464 A
1458 1410 1601 1482 poc.
1622 1402 1806 1466 xviii.
1832 1417 1904 1482 13
1931 1422 1947 1479 ;
1985 1422 2106 1484 per
2130 1407 2170 1434 ‘⁴
2187 1403 2448 1468 animas
2466 1401 2820 1465 hominum
2833 1400 2862 1425 ”

628 1493 896 1599 proprie
940 1493 1419 1576 intelliguntur
1464 1496 1802 1578 mancipia
1847 1515 1966 1560 seu
2021 1495 2216 1570 servi,
2265 1515 2386 1577 per
2427 1515 2602 1578 quos
2655 1497 2862 1568 etiam

628 1586 697 1648 in
750 1605 951 1649 sensu
1002 1587 1335 1670 spirituali
1380 1587 1850 1670 significantur
1893 1595 2056 1654 v'era
2106 1587 2482 1654 scientifica
2534 1589 2864 1652 naturalis

628 1678 923 1744 hominis
958 1680 1399 1748 inservientia
1434 1683 1790 1765 spirituali.

755 1777 857 1860 [f.
861 1777 886 1860 ]
954 1778 1081 1861 (v.)
1129 1778 1473 1861 Quoniam
1508 1781 1655 1843 vita
1685 1779 1840 1845 fidei
1875 1791 1949 1845 et
1983 1801 2256 1864 quoque
2291 1781 2436 1844 vita
2468 1778 2866 1844 intellectus

629 1870 919 1934 hominis
954 1883 1061 1935 est
1103 1892 1193 1935 ex
1233 1871 1481 1936 Divino
1518 1872 1726 1948 Vero,
1765 1893 1973 1955 quare
2008 1875 2218 1937 etiam
2255 1873 2575 1936 Divinum
2609 1873 2866 1937 Verum

630 1970 791 2045 per‘
801 1965 1155 2030 ‘animam’
1158 1965 1632 2048 ’significatur,
1661 1978 1737 2031 ut
1759 1977 2078 2032 constare
2103 1976 2334 2048 potest
2357 1987 2399 2029 a
2429 1967 2868 2050 sequentibus

632 2058 799 2122 locis
820 2058 1136 2142 x—Apud
1173 2059 1567 2138 Jeremiam,

730 2193 760 2216 ⁸⁸
774 2192 1039 2242 Plantabo
1072 2207 1168 2243 eos
1204 2193 1259 2242 in
1296 2201 1439 2243 terra
1466 2193 1583 2253 hac,
1612 2194 1668 2243 in
1698 2195 1936 2254 veritate,
1971 2195 2027 2244 in
2064 2202 2178 2245 toto
2212 2194 2372 2244 corde
2409 2207 2545 2253 mee,
2574 2203 2630 2244 et
2665 2193 2720 2244 in
2755 2191 2870 2244 'tota

890 2259 1072 2308 anima
1094 2273 1217 2309 mea
1230 2257 1260 2278 '⁹
1282 2259 1465 2322 (xxxii.
1490 2259 1605 2321 41):

630 2385 785 2468 quia
822 2385 958 2449 duo
994 2396 1153 2450 sunt
1188 2407 1360 2470 quae
1392 2386 1772 2468 procedunt
1811 2407 1854 2450 a
1890 2386 2208 2463 Domino,
2244 2387 2562 2450 Divinum
2601 2387 2870 2452 Bonum

630 2499 708 2544 ac
748 2479 1064 2544 Divinum
1103 2480 1382 2556 Verum,
1417 2492 1487 2545 et
1525 2483 1692 2546 haec
1731 2492 2006 2563 recepta
2041 2481 2129 2544 ab
2165 2481 2426 2563 angelis
2463 2480 2634 2545 caeli
2671 2491 2747 2545 et
2784 2482 2872 2545 ab

630 2575 1015 2638 hominibus
1068 2575 1398 2638 ecclesiae
1452 2575 1704 2639 faciunt
1757 2576 1967 2639 vitam
2027 2575 2396 2639 caelestem
2449 2576 2630 2656 apud
2692 2575 2869 2652 illos,

630 2669 787 2733 inde
832 2677 1147 2733 constare
1192 2678 1423 2752 potest
1474 2670 1636 2752 quid
1690 2668 2108 2751 significatur
2161 2689 2277 2751 per
2327 2669 2696 2750 “plantare
2751 2689 2872 2734 eos

629 2763 697 2827 in
734 2772 889 2828 toto
924 2764 1128 2828 corde
1158 2773 1232 2828 et
1276 2765 1343 2827 in
1381 2773 1533 2828 tota
1566 2763 1850 2838 anima,”
1888 2783 2132 2844 nempe
2169 2763 2352 2846 quod
2390 2765 2478 2826 sit
2513 2764 2581 2826 in
2621 2763 2872 2828 Divino

628 2874 753 2918 suo
798 2853 993 2940 Bono
1050 2867 1121 2922 et
1166 2858 1235 2921 in
1283 2856 1531 2922 Divino
1588 2878 1713 2922 suo
1760 2856 1986 2936 Vei-03
2047 2877 2205 2921 nam
2253 2857 2472 2921 “cor’'
2529 2856 2872 2938 significat

632 2948 951 3014 Divinum
997 2949 1260 3014 Bonum
1292 2951 1519 3015 Divini
1562 2950 1864 3027 Amoris,
1903 2961 1976 3015 et
2009 2951 2293 3015 “anima
2309 2950 2338 2976 ’⁹
2369 2950 2693 3014 Divinum
2727 2951 2871 3016 Ve-

556 3128 567 3140 .
630 3063 795 3106 rum.
883 3044 1093 3127 Apud
1130 3045 1443 3122 eundem,

858 3177 1110 3243 “juravit
1127 3177 1397 3244 Jehovah.
1417 3193 1539 3242 ,per
1562 3165 1798 3228 animam
1826 3177 2024 3228 suam”
2047 3179 2123 3240 (li.
2151 3189 2243 3239 14;
2277 3179 2437 3228 Amos
2459 3178 2528 3228 vi.
2555 3177 2638 3242 8):

628 3309 933 3393 Jehovah
980 3311 1222 3376 dicitur
1270 3310 1546 3393 “jurare
1593 3333 1712 3396 per
1762 3313 2056 3376 animam
2103 3332 2292 3376 suam
2309 3311 2339 3337 ’⁹
2383 3312 2659 3395 quando
2705 3332 2874 3378 con-

630 3405 853 3470 firmat
892 3426 1010 3487 per
1048 3406 1365 3470 Divinum
1404 3426 1597 3469 suum
1637 3406 1914 3482 Verum,
1959 3406 2228 3488 “jurare
2245 3406 2273 3431 ”
2311 3408 2490 3472 enim
2523 3405 2874 3489 significat

629 3499 1050 3577 confirmare,
1098 3510 1170 3565 et
1220 3502 1505 3565 “anima
1546 3501 1894 3583 Jehovae”
1934 3501 2251 3564 Divinum
2290 3500 2569 3564 Verum.
2657 3501 2875 3584 Apud

630 3592 979 3667 Davtdem,

732 3726 1017 3841 “Jeholvah
1051 3725 1253 3852 jusff'm
1288 3725 1493 3858 ρτεέῑίῗῑ,
1528 3723 1753 3788 impium
1794 3734 1850 3774 et
1887 3733 2159 3774 amantem
2195 3722 2506 3772 violentiam
2541 3721 2658 3772 odit
2691 3723 2882 3772 anima

924 3807 1073 3855 psius
1208 3805 1235 3840 s
1274 3805 1329 3840 ιιι

635 3939 753 4001 per
801 3918 1153 3981 “animam
1206 3913 1553 3997 Jehovae”
1599 3914 1708 3978 hic
1762 3934 2030 3996 quoque
2083 3911 2499 3995 significatur
2551 3911 2878 3976 Divinum

634 4011 915 4085 Verum,
972 4030 1129 4074 nam
1184 4029 1303 4091 per
1350 4007 1830 4072 “violentum'’
1881 4009 1949 4071 in
2003 4005 2240 4070 Verbo
2291 4004 2712 4088 significatur
2765 4009 2881 4090 qui

636 4106 1031 4170 violentiam
1076 4104 1275 4169 insert
1321 4103 1572 4168 Divino
1618 4101 1848 4180 Vero;
1909 4100 2088 4184 quod
2133 4101 2290 4184 quia
2333 4099 2411 4166 fit
2458 4120 2579 4182 per
2621 4100 2881 4165 falsum

636 4201 816 4277 mali,
854 4200 1009 4264 ideo
1054 4201 1184 4264 hoc
1230 4196 1646 4280 significatur
1691 4216 1811 4279 per
1850 4196 2182 4278 “impium
2215 4204 2289 4258 et
2334 4204 2683 4259 amantem
2726 4198 2880 4260 vio·

636 4294 971 4360 lentiam.”
1057 4293 1269 4375 Apud
1298 4291 1602 4367 Esaiam,

734 4425 995 4479 “Electus
1024 4441 1193 4486 meus,
1220 4425 1277 4476 in
1312 4440 1419 4488 quo
1446 4423 1838 4488 beneplacitum
1871 4423 2035 4473 habet
2067 4423 2251 4474 anima
2283 4437 2436 4482 meu
2475 4422 2600 4472 dedi
2625 4421 2884 4486 spiritum

897 4507 1076 4544 meum
1101 4505 1263 4555 super
1286 4489 1445 4541 Illum
1462 4489 1490 4510 '’
1514 4489 1644 4552 (xlii.
1667 4489 1745 4551 1):

636 4627 803 4692 haec
841 4627 927 4691 de
974 4624 1293 4701 Domino,
1331 4625 1445 4707 qui
1485 4621 1894 4706 intelligitur
1929 4643 2050 4707 per
2085 4617 2460 4687 “Electum
2495 4620 2802 4704 Jehovae
2827 4621 2884 4700 ;”
