3259 5384
697 643 868 726 2246
1325 657 1820 710 APOCALYPSIS
1866 656 2313 710 EXPLICATA.

702 836 773 890 et
810 827 993 909 quod
1031 825 1146 890 illa
1183 827 1247 890 in
1289 825 1375 892 Se
1413 825 1861 902 transtulerit,
1894 846 1972 890 ac
2006 823 2397 909 portaverit,
2431 834 2504 888 et
2542 843 2661 904 per
2698 821 2763 884 id
2804 841 2933 884 non

701 919 919 981 solum
958 920 1490 984 reconciliaverit
1529 922 1820 997 Patrem,
1860 921 1980 984 sed
2028 922 2234 984 etiam
2281 940 2406 982 nos
2446 917 2813 982 redemerit
2847 915 2933 978 ab

701 1013 980 1088 infern0,
1014 1035 1094 1077 ac
1132 1014 1312 1097 quod
1351 1036 1470 1099 per
1501 1016 1567 1079 id
1601 1017 1914 1079 meritum
1948 1014 2222 1078 Domini
2254 1013 2609 1086 salvemur,
2646 1010 2701 1074 si
2736 1011 2935 1074 modo

701 1126 788 1168 ex
829 1105 1068 1170 fiducia
1114 1118 1185 1172 et
1231 1129 1320 1173 ex
1359 1108 1773 1174 confidentia
1810 1109 1875 1172 id
1914 1109 2269 1183 credimuS‚
2309 1125 2665 1171 necessum
2711 1117 2821 1167 est
2866 1113 2935 1167 ut

702 1199 986 1287 primum
1033 1201 1432 1284 exploretur
1477 1223 1637 1266 num
1690 1203 1854 1267 talia
1898 1203 2269 1267 secundum
2313 1201 2703 1282 opinionem
2750 1219 2933 1264 com·

697 1313 968 1358 munem
1009 1296 1455 1379 intelligenda
1491 1308 1670 1361 sunt.

824 1385 951 1469 [ἰὴ]
1005 1389 1108 1470 (i.)
1173 1387 1378 1468 Quod
1413 1391 1649 1470 itaque
1686 1389 1979 1470 primum
2009 1387 2289 1462 attinet,
2332 1385 2529 1464 Quod
2554 1385 2653 1448 sit
2686 1384 2936 1465 Propi-

698 1475 911 1554 tiatio,
947 1490 1172 1561 nempe
1205 1481 1609 1561 propitiatio
1644 1481 1778 1544 Dei
1812 1481 2056 1544 Patris
2093 1490 2223 1561 per
2247 1479 2627 1560 passionem
2666 1497 2782 1539 seu
2817 1486 2939 1557 per

697 1573 1087 1654 sanguinem
1107 1574 1280 1638 Filii
1295 1574 1452 1648 sui,·
1498 1576 1626 1638 hoc
1661 1575 1946 1638 involvit
1981 1571 2413 1655 rejectionem
2445 1593 2565 1635 seu
2596 1570 2934 1634 abaliena-

696 1665 956 1728 tionem
981 1671 1248 1748 generis
1272 1669 1544 1732 humani
1569 1689 1659 1731 ex
1685 1669 1909 1751 aliqua
1934 1669 2027 1732 ira
2052 1676 2167 1731 aut
2195 1663 2513 1740 vindffita„
2538 1685 2707 1747 quae
2734 1683 2933 1726 voca-

697 1767 808 1821 tur
823 1758 1083 1840 justitia
1107 1762 1539 1839 vindicativa,
1567 1783 1741 1845 quae
1774 1784 1815 1827 a
1846 1763 1998 1826 Deo
2032 1762 2229 1825 Patre
2253 1761 2571 1843 imposita
2596 1759 2772 1822 Filio
2796 1778 2935 1830 su0,

699 1861 774 1916 ut
813 1874 932 1935 per
963 1856 1344 1936 passionem
1377 1859 1589 1920 crucis
1630 1857 1847 1940 Ipsius
1878 1858 2109 1940 generi
2142 1857 2438 1920 humano
2469 1853 2935 1917 reconciliare-

700 1955 829 2023 tur,
863 1959 934 2014 et
971 1949 1066 2013 sic
1099 1952 1593 2032 propitiaretur.
1670 1950 1839 2032 Quis
1871 1971 2007 2015 non
2038 1951 2225 2014 videt
2256 1950 2438 2032 quod
2472 1946 2742 2029 rejicere
2776 1967 2817 2009 a
2852 1945 2938 2010 Se

699 2059 918 2122 genus
950 2042 1338 2120 humanum,
1365 2055 1482 2108 aut
1513 2065 1604 2108 ex
1629 2044 1891 2126 justitia
1925 2044 2151 2108 ulcisci
2176 2043 2745 2106 abalienationem
2778 2040 2935 2122 ejus,

700 2137 787 2198 sit
825 2147 1064 2200 contra
1107 2139 1324 2220 ipsam
1359 2138 1727 2203 essentiam
1768 2139 2106 2212 Divinam,
2146 2157 2319 2221 quae
2365 2147 2472 2200 est
2516 2138 2659 2217 ipse
2696 2135 2935 2204 Amor.

700 2229 846 2310 ipsa
891 2231 1371 2309 Misericordia,
1419 2253 1500 2298 ac
1545 2235 1762 2315 ipsum
1812 2233 2120 2296 Bonum?
2209 2231 2396 2295 Talis
2442 2231 2813 2294 vindicatio
2856 2249 2938 2292 ne

699 2325 974 2405 quidem
1011 2327 1210 2390 datur
1244 2328 1424 2410 apud
1461 2328 1673 2392 ullum
1708 2327 2051 2410 angelum,
2088 2347 2167 2390 ac
2214 2328 2331 2388 vix
2379 2323 2558 2408 apud
2595 2325 2937 2388 hominem

703 2418 1008 2499 probum,
1050 2422 1268 2485 minus
1313 2422 1491 2504 apud
1539 2422 1779 2486 Deum.
1872 2419 2041 2502 Quis
2086 2421 2293 2484 etiam
2339 2439 2476 2483 non
2521 2418 2711 2482 videt
2757 2419 2935 2500 quod

704 2511 942 2576 durum
988 2515 1074 2577 sit
1121 2517 1424 2597 cogitare
1469 2517 1650 2599 quod
1692 2515 2175 2579 vindicativum
2220 2515 2385 2578 illud
2433 2514 2607 2577 Filio
2652 2535 2693 2576 a
2743 2513 2936 2576 Patre

703 2625 826 2668 suo
871 2608 1258 2687 impositum
1305 2611 1414 2684 sit,
1463 2619 1579 2674 aut
1624 2610 1807 2692 quod
1862 2609 1989 2673 Ille
2040 2608 2107 2671 id
2160 2609 2227 2672 in
2281 2607 2367 2671 Se
2420 2596 2826 2688 susceperit}
2862 2627 2937 2669 ac

703 2700 885 2781 quod
933 2721 1022 2764 ex
1069 2703 1427 2767 intuitione
1463 2713 1534 2768 et
1573 2703 2043 2768 recordatione
2080 2701 2219 2784 ejus
2265 2702 2419 2766 Deo
2464 2701 2644 2764 Patri
2690 2702 2939 2764 miseri-

704 2793 933 2856 cordia
978 2796 1085 2870 sit,
1128 2806 1196 2859 et
1244 2817 1384 2860 non
1427 2819 1518 2860 ex
1565 2799 1715 2878 ipso
1759 2797 2007 2860 Divino
2054 2795 2336 2870 Amore,
2375 2795 2487 2878 qui
2532 2796 2599 2856 in
2644 2796 2939 2858 essentia

703 2907 825 2950 sua
862 2900 966 2954 est
1005 2890 1322 2968 infinitu5‚
1355 2903 1672 2956 aeternus
1708 2901 1779 2955 et
1818 2891 2249 2954 immediatus
2285 2911 2449 2972 erga
2484 2908 2687 2952 omne
2726 2909 2939 2970 genus

703 2984 1117 3070 humanum?
1207 2985 1431 3068 Quare
1471 3007 1606 3050 non
1647 2987 1785 3050 scio
1823 3006 1911 3049 an
1947 2987 2295 3068 quisquam
2336 2986 2549 3066 possit
2586 3004 2628 3046 a
2674 2983 2827 3047 Deo
2871 2997 2937 3046 et

704 3097 858 3140 cum
907 3078 1056 3142 Deo
1094 3082 1420 3162 cogitare,
1460 3081 1643 3163 quod
1682 3077 1967 3161 rejectus
2011 3081 2099 3142 sit
2145 3099 2185 3142 a
2232 3079 2401 3154 Dee,
2442 3089 2512 3143 et
2558 3079 2743 3161 quod
2790 3079 2939 3140 ideo

704 3191 795 3234 ex
841 3173 1194 3237 voluntate
1243 3173 1458 3238 Patris
1504 3174 1865 3237 damnatus
1912 3175 1997 3236 sit
2045 3172 2277 3248 Filius,
2326 3193 2404 3236 ac
2452 3193 2569 3254 per
2614 3173 2680 3234 id
2725 3169 2941 3235 factus

705 3267 1245 3347 propitiatorium
1305 3289 1384 3332 ac
1445 3269 1688 3332 solium
1741 3269 2021 3349 gratiae.
2112 3267 2470 3331 Praeterea
2514 3267 2779 3348 justitia
2836 3276 2937 3329 est

703 3361 1106 3424 attributum
1169 3361 1509 3439 Divinum,
1573 3381 1711 3426 non
1772 3373 2002 3425 autem
2056 3361 2316 3444 justitia
2375 3361 2810 3437 vindicativa,
2872 3373 2940 3422 et

703 3453 924 3518 adhuc
965 3458 1180 3518 minus
1220 3458 1283 3518 in
1324 3456 1456 3520 alio
1493 3468 1771 3540 propter
1800 3456 2045 3533 alium;
2094 3457 2147 3518 si
2186 3473 2320 3518 non
2358 3466 2463 3518 est
2494 3453 2781 3536 justitia,
2820 3473 2939 3517 nec

705 3557 810 3610 est
849 3569 938 3611 ex
980 3549 1226 3613 Divino
1258 3551 1490 3614 ordine
1529 3550 1772 3614 salvari
1812 3559 2087 3632 propter
2116 3549 2341 3624 alium,
2378 3549 2494 3612 sed
2534 3569 2653 3630 per
2690 3547 2893 3611 alium
2924 3569 2940 3624 ;

704 3660 829 3705 nec
869 3654 1098 3724 potest
1139 3645 1324 3707 Deus
1359 3645 1777 3708 reconciliari
1815 3664 1933 3726 per
1968 3644 2149 3707 aliud
2181 3663 2383 3726 quam
2430 3663 2547 3724 per
2585 3645 2939 3724 paeniten-

706 3737 870 3798 tiam
907 3739 1112 3818 ipsius
1147 3738 1454 3802 hominis,
1546 3737 1748 3820 Quod
1788 3738 2031 3802 salvari
2076 3759 2195 3821 per
2233 3738 2622 3812 Dominum,
2662 3747 2735 3800 et
2772 3757 2941 3820 quo-

705 3850 834 3911 que
872 3850 990 3911 per
1027 3833 1408 3912 passionem
1445 3834 1660 3896 crucis
1700 3832 1934 3913 IpsiuS,
1974 3843 2045 3896 et
2082 3833 2175 3896 sic
2221 3853 2261 3896 a
2300 3831 2615 3908 Domine,
2658 3833 2745 3895 sit
2785 3851 2939 3912 pro-

705 3925 972 4004 pitiatio
1007 3936 1079 3989 et
1115 3927 1460 4006 expiatio,
1483 3926 1821 3990 videbitur
1854 3928 1921 3988 in
1962 3927 2417 4008 sequentibus.

836 4016 960 4100 (ii.)
1020 4019 1224 4096 Quod
1239 4039 1364 4083 non
1395 4020 1490 4083 sit
1514 4021 1989 4084 M‘sem'cordia
2012 4041 2125 4084 seu
2153 4020 2509 4083 M'seratio
2540 4019 2674 4083 Dei
2696 4019 2941 4084 Patris

696 4121 984 4193 propter
1026 4113 1294 4178 Filium.
1386 4114 1703 4178 Solennis
1758 4116 2169 4198 supplicatio
2222 4117 2289 4177 in
2344 4113 2675 4190 ecclesiiS,
2733 4124 2803 4179 et
2858 4116 2943 4178 ab

705 4205 1092 4270 hominibus
1123 4209 1455 4274 ecclesiae
1489 4209 1673 4273 domi
1712 4219 1784 4274 et
1816 4209 1994 4285 soriS,
2028 4211 2304 4293 quando
2340 4211 2405 4273 in
2440 4210 2725 4291 pietatis
2758 4208 2943 4273 cultu

705 4311 886 4377 sunt,
927 4311 1056 4378 est,
1096 4303 1254 4367 “Ut
1304 4303 1489 4368 Deus
1530 4304 1733 4368 Pater
1771 4307 2172 4369 misereatur
2204 4305 2419 4369 nostri
2460 4315 2745 4386 propter
2776 4303 2939 4366 Fili-

706 4415 840 4470 um,
889 4417 968 4459 ac
1023 4409 1302 4481 propter
1351 4399 1738 4482 passionem
1794 4399 2009 4462 crucis
2065 4399 2339 4482 Ipsius.”
2430 4397 2625 4462 Haec
2684 4398 2939 4481 suppli-

705 4492 889 4554 catio
925 4491 1068 4556 fluit
1107 4513 1198 4555 ex
1235 4504 1515 4574 recepta
1559 4491 1693 4557 fide
1738 4493 1826 4558 de
1870 4493 2359 4576 propitiatione
2400 4513 2522 4558 seu
2567 4493 2939 4558 reconcila-

705 4585 897 4647 tione
945 4583 1162 4648 Patris
1207 4605 1330 4666 per
1366 4585 1616 4648 Filium
1654 4601 1740 4662 (de
1768 4615 1867 4662 qua
1892 4615 2007 4648 mox
2034 4602 2243 4664 supra);
2301 4596 2449 4650 tum
2494 4605 2587 4649 ex
2624 4585 2938 4649 dostrina
