3259 5384
974 685 1136 738 CAP.
1171 685 1353 750 xm„
1389 686 1596 738 vens,
1639 672 1893 738 16.—-N.
1927 672 2071 755 836.
2470 686 2595 755 233
2602 683 2637 754 5

1313 919 1520 958 nasus
1555 908 1632 968 16,
1662 919 1739 968 17.

527 1009 724 1132 ὅςᾳο
777 1029 1007 1082 “tetam
1021 1041 1345 1082 οιηηωρανυω
1363 1033 1412 1073 et
1427 1041 1622 1082 naum
1642 1033 1693 1072 σε
1708 1031 1875 1072 cintus
1892 1033 2193 1081 nm
2211 1030 2443 1073 'tm
2460 1031 2513 1071 σε
2538 1039 2647 1072 onr-

412 1101 500 1139 m.
522 1093 571 1132 ut
624 1101 650 1131 e
695 1089 786 1133 ΙΙΙΙε
803 1091 1106 1133 characterem
1124 1102 1261 1141 cuper
1279 1103 1410 1133 manu
1435 1102 1582 1133 eorum
1609 1091 1783 1138 dextra.
1804 1092 1881 1132 aut
1900 1101 2039 1140 cuper
2060 1089 2289 1142 frontibus
2310 1099 2472 1135 sorum.
2526 1087 2580 1130 ft
2595 1089 2647 1130 ut

410 1149 855 1256 :zili'xzzt'e'fnn
871 1149 918 1190 et
943 1149 1141 1197 undere.
1167 1149 1213 1191 εΙ
1231 1159 1316 1190 mm
1338 1149 1500 1190 nouat
1519 1149 1835 1196 unvamma.
1856 1150 1937 1190 aut
1960 1157 2115 1190 nomen
2138 1147 2309 1189 batiae
2324 1149 2403 1190 aut
2420 1156 2645 1188 numerum

447 1310 526 1364 1⁶.
569 1311 668 1365 -et
697 1312 828 1366 fucit
845 1327 1024 1367 omues
1034 1327 1240 1390 parvos
1261 1316 1319 1366 ot
1335 1327 1566 1380 magnos.
1591 1317 1649 1366 ot
1680 1312 1868 1366 diuites
1900 1316 1958 1366 ot
1983 1327 2260 1380 pauperos,
2284 1315 2342 1365 ot
2371 1311 2563 1389 libor-oq
2596 1315 2652 1364 ot

669 1381 899 1438 torro-8?
919 1378 1162 1445 sigmfioet
1192 1381 1456 1446 inser-iores
1476 1387 1526 1430 et
1551 1381 1843 1446 superiores,
1862 1395 1920 1430 sa
1966 1381 1977 1392 ”
2054 1397 2103 1430 es
2122 1388 2171 1430 et
2186 1380 2444 1445 simplices,
2466 1395 2651 1444 quaque

670 1463 703 1496 a
723 1463 774 1496 se
795 1447 1031 1511 cogitant,
1048 1448 1233 1513 quique
1253 1447 1316 1495 ab
1332 1447 1451 1496 aliis
1475 1446 1553 1513 [ιι.
1575 1445 1701 1512 836]
1718 1464 1733 1504 3
1770 1450 1862 1498 “ut
1914 1445 2094 1498 0117178
2110 1445 2465 1498 chat-actorem
2487 1458 2653 1511 supet·

671 1527 828 1564 manu
861 1527 1040 1565 eorum
1074 1512 1258 1566 dextra
1291 1517 1346 1566 ot
1376 1526 1444 1565 su
1477 1528 1538 1565 oe·
1561 1511 1819 1566 frontibus
1840 1513 2059 1571 corum?
2084 1511 2327 1576 signifieat
2357 1511 2650 1577 testificam-

671 1580 1085 1713 mofnztgosgijr
1104 1581 1242 1646 quod
1266 1581 1372 1630 sint
1476 1581 1692 1638 ecclesia,
1713 1587 1763 1628 et
1792 1581 1850 1628 in
1874 1578 2157 1646 illiusfidei
2173 1579 2311 1628 veris
2338 1585 2387 1628 et
2415 1577 2555 1628 bonas
2577 1577 2649 1627 ita

775 1663 821 1695 ts
873 1660 925 1695 n.
979 1659 1010 1709 3
1079 1681 1093 1696 .
2624 1674 2631 1684 -

448 1753 526 1808 17.
573 1743 668 1796 ἘΙ
692 1746 754 1796 ut
774 1757 925 1796 nemo
946 1743 1130 1822 pmii
1153 1758 1326 1796 omos-o
1352 1747 1408 1796 ot
1442 1743 1679 1802 vendor-o,
1704 1742 1760 1796 si
1787 1757 1887 1795 ηοη
1919 1741 2112 1795 habeat
2141 1741 2495 1795 characterom
2528 1740 2649 1794 bos·

673 1809 820 1868 Han!
833 1809 1074 1875 signifieat
1085 1811 1476 1876 prohihitionem
1493 1826 1558 1860 ne
1573 1811 1761 1876 aliquis
1776 1811 1939 1859 dii-cat
1951 1817 1999 1858 et
2018 1811 2187 1858 doceat
2196 1825 2354 1874 quam
2373 1809 2513 1858 illud
2522 1808 2659 1873 quod

671 1877 908 1942 agnitum
925 1884 974 1927 et
993 1877 1112 1926 inde
1127 1877 1186 1926 in
1202 1878 1440 1926 doarina
1454 1883 1699 1942 receptum
1715 1884 1786 1926 est
1811 1876 1889 1943 [ιι.
1904 1875 2031 1942 840]
2048 1893 2065 1936 3
2092 1879 2219 1928 “auf
2236 1888 2419 1928 nomon
2436 1873 2653 1932 bettino,

671 1946 772 1996 aut
787 1957 1057 1995 numerum
1080 1941 1300 1996 nominis
1322 1943 1480 2002 o'usss'
1502 1942 1544 1991 si
1616 1941 1628 1953 '
1668 1949 1747 1992 cat
1769 1943 1857 1992 vel
1870 1943 2035 1992 ss'sm'k
2052 1943 2160 2008 q'us
2180 1943 2349 2008 quoad
2367 1941 2549 2000 vitam,
2572 1939 2661 1990 vel

671 2010 838 2059 simile
857 2011 962 2076 q‘us
983 2011 1154 2075 quoad
1151 2009 1317 2076 fidem
1373 2025 1422 2059 ιι.
1441 2007 1534 2070 841
1577 2045 1590 2058 .

530 2147 735 2232 836.
771 2164 932 2224 [Vm.
957 2165 1053 2225 16.]
1097 2149 1218 2212 “ft
1235 2148 1396 2212 facit
1411 2167 1623 2211 omnes
1637 2167 1865 2229 pat-vos
1886 2152 1955 2210 οὶ
1969 2165 2247 2230 muyans,
2272 2151 2337 2208 ot
2355 2145 2568 2209 divites
2589 2151 2661 2209 ot

406 2261 738 2323 pauperos,
768 2248 838 2307 a!
864 2241 1091 2306 libet-os
1123 2248 1192 2306 ot
1218 2241 1793 2323 soe-vos.''—Quod
1824 2241 2167 2324 significet
2198 2241 2561 2320 inferiores
2587 2249 2656 2304 et

412 2335 807 2414 superiores,
841 2335 1173 2416 sapientes
1207 2344 1272 2396 et
1307 2333 1660 2415 simplices,
1693 2335 1932 2416 quique
1952 2355 1997 2397 a
2027 2355 2097 2398 se
2124 2333 2419 2415 cogitant
2444 2341 2511 2396 et
2539 2332 2660 2414 qui

411 2429 496 2492 ab
533 2429 712 2504 alitis,
753 2438 1026 2492 constat
1071 2449 1162 2492 ex
1217 2427 1714 2510 significatione
1757 2429 2120 2492 “omnium
2172 2446 2533 2512 parvorum
2579 2436 2653 2491 et

413 2522 877 2604 magnorum,'’
913 2523 1098 2605 quod
1135 2523 1270 2586 sint
1307 2521 1653 2585 inferiores
1690 2532 1761 2586 et
1799 2522 2196 2602 superiores„
2230 2541 2349 2585 seu
2381 2521 2653 2584 viliores

412 2627 484 2680 et
515 2617 996 2680 eminentiores
1023 2638 1038 2694 ;
1085 2637 1176 2680 ex
1207 2615 1703 2698 significatione
1732 2621 1773 2650 “
1795 2616 2080 2680 divitum
2112 2627 2183 2681 et
2222 2615 2653 2699 pauperum,”

412 2709 596 2790 quod
627 2710 766 2773 sint
797 2710 1150 2790 sapientes
1181 2717 1252 2772 et
1283 2706 1631 2790 simplices
1659 2730 1674 2786 ;
1722 2724 1879 2784 (quod
1900 2720 2146 2771 “divites”
2169 2726 2392 2772 dieantur
2416 2725 2501 2783 qui
2529 2725 2656 2770 mul-

411 2811 486 2849 tas
515 2805 814 2863 cognitiones
839 2805 956 2850 boni
983 2812 1032 2850 et
1057 2804 1158 2850 veri
1183 2803 1446 2863 possident.
1469 2803 1537 2848 ita
1561 2805 1817 2862 sapienta.
1840 2805 2059 2850 videatur
2076 2818 2239 2863 supra.
2256 2819 2305 2852 n.
2336 2806 2359 2851 1
2380 2789 2471 2858 18.
2495 2787 2623 2868 236
2643 2819 2655 2858 ;

412 2885 460 2922 et
491 2879 625 2935 quod
646 2877 967 2936 “pauperes'’
990 2878 1224 2930 dieantur,
1257 2877 1342 2934 qui
1374 2888 1472 2921 non
1503 2877 1687 2922 habent
1716 2878 2013 2936 cognitiones
2042 2878 2159 2923 boni
2190 2884 2239 2922 et
2269 2878 2381 2930 veri,
2413 2878 2528 2935 quia
2558 2891 2658 2922 non

411 2952 593 2997 habent
619 2951 854 3005 Verbum,
883 2959 930 2997 et
961 2965 1117 3009 usque
1145 2951 1421 2997 desiderant
1448 2951 1568 3005 illas,
1596 2952 1818 2997 videatur
1844 2951 1988 2998 etiam
2017 2965 2177 3010 supra.
2208 2965 2255 2998 n.
2294 2937 2429 3005 1³18.
2474 2937 2599 3015 238
2620 2951 2658 3011 :)

413 3035 486 3089 et
537 3045 628 3089 ex
681 3025 1184 3106 significatione
1225 3026 1655 3089 “liberorum
1700 3034 1773 3089 et
1824 3024 2241 3100 servorum,”
2278 3025 2461 3108 quod
2514 3026 2657 3088 sint

413 3118 526 3200 qui
570 3139 659 3180 ex
699 3138 772 3180 se
810 3119 1121 3199 cogitant
1159 3128 1230 3182 et
1274 3121 1386 3201 qui
1431 3119 1518 3182 ab
1555 3119 1722 3182 aliis,
1812 3117 1925 3180 Ex
1967 3138 2041 3181 se
2078 3119 2383 3201 cogitare
2419 3129 2526 3181 est
2564 3138 2654 3181 ex

415 3233 489 3276 se
535 3213 766 3275 videre
814 3231 972 3275 num
1020 3232 1253 3276 verum
1299 3215 1388 3276 sit
1444 3223 1562 3276 aut
1617 3231 1777 3275 num
1824 3211 2088 3288 falsum,
2137 3232 2217 3275 ac
2262 3213 2355 3275 sic
2403 3212 2657 3294 eligere

414 3325 622 3370 unum
671 3317 743 3370 et
799 3307 1071 3388 rejicere
1119 3306 1450 3385 alterum3
1512 3307 1582 3370 hi
1626 3319 1784 3371 sunt
1830 3307 1942 3389 qui
1996 3307 2379 3388 spirituales
2424 3327 2465 3369 a
2513 3307 2657 3370 Do-

415 3401 601 3464 mino
636 3398 794 3464 fasti
832 3411 1012 3476 sunt,
1053 3410 1126 3464 et
1171 3402 1328 3464 inde
1367 3404 1432 3464 in
1473 3400 1621 3464 luce
1654 3401 1846 3475 caeli,
1882 3410 1953 3463 et
2000 3421 2041 3463 a
2087 3400 2385 3463 Domino
2422 3401 2658 3466 vident

413 3515 496 3559 ae
527 3495 882 3570 ducuntur,
918 3513 1073 3557 nam
1107 3494 1390 3558 liberum
1420 3507 1526 3559 est
1558 3497 1865 3577 cogitare
1902 3505 1974 3558 et
2004 3495 2229 3558 vivere
2261 3515 2302 3557 a
2334 3494 2655 3572 Domin0,

414 3611 496 3654 ac
531 3610 802 3653 servum
839 3600 947 3654 est
984 3591 1290 3671 cogitare
1326 3601 1396 3654 et
1428 3592 1654 3653 vivere
1693 3610 1781 3654 ex
1820 3589 2118 3668 infern03
2165 3589 2349 3673 quod
2380 3589 2474 3653 illi
2520 3592 2659 3654 sint

418 3685 740 3760 “liberi,”
769 3687 1084 3748 videatur
1121 3705 1326 3768 supra
1356 3700 1427 3763 (n.
1458 3687 1602 3764 248,
1633 3701 1907 3766 409[a.b],
1938 3699 2161 3765 701[a],
2191 3700 2361 3766 774).
2450 3685 2658 3767 Quod

416 3781 754 3846 Dominus
798 3802 918 3863 per
964 3780 1282 3845 Divinum
1328 3801 1521 3845 suum
1561 3781 1819 3846 Verum
1868 3781 2115 3845 liberos
2151 3782 2375 3858 faciat,
2418 3783 2662 3847 dicitur

416 3877 594 3958 apud
633 3875 1016 3950 Johannem
1055 3874 1231 3959 (cap.
1267 3872 1452 3938 mviii,
1496 3875 1776 3959 32-36):
1825 3885 1895 3939 et
1934 3875 2115 3959 quod
2153 3875 2461 3952 ecclesia,
2497 3878 2659 3941 dum

415 3973 480 4034 in
541 3969 678 4033 fide
737 3991 827 4033 ex
874 3989 1104 4032 amore
1149 3980 1278 4044 est,
1327 3971 1392 4033 in
1448 3979 1635 4033 statu
1683 3969 1894 4033 libero
1938 3971 2048 4045 sit,
2096 3979 2169 4034 at
2214 3989 2368 4034 cum
2414 3972 2481 4034 in
2526 3969 2661 4035 fide

413 4067 676 4148 absque
711 4083 942 4128 amore
980 4074 1108 4139 est,
1149 4063 1216 4126 in
1254 4073 1439 4128 statu
1485 4084 1685 4127 servo
1722 4065 1831 4140 sit,
1873 4073 1945 4128 et
1980 4066 2164 4147 quod
2208 4064 2275 4128 id
2322 4065 2665 4147 intelliga-

414 4171 524 4225 tur
593 4180 714 4242 per
773 4158 1047 4222 Domini
1108 4158 1316 4223 verba.
1379 4159 1559 4241 apud
1626 4158 2009 4233 Johannem
2071 4158 2247 4243 (cap.
2309 4161 2455 4223 xxi.
2525 4159 2656 4244 18),

410 4253 782 4316 videantur
813 4271 1018 4333 supra
1049 4266 1120 4326 (n.
1150 4251 1394 4326 820[b]).
1482 4249 1598 4313 Ex
1629 4250 1735 4316 his
1766 4252 2072 4334 sequitur
2096 4252 2278 4335 quod
2312 4273 2434 4334 per
2460 4257 2661 4315 “ser-

413 4369 540 4414 vos
556 4347 588 4375 '²
619 4347 1092 4430 intelligantur
1127 4349 1239 4430 qui
1278 4367 1412 4410 non
1461 4368 1502 4410 a
1538 4367 1612 4411 se
1658 4349 1778 4411 sed
1826 4347 1912 4412 ab
1958 4349 2105 4412 aliis
2164 4351 2497 4431 cogitant,
2540 4350 2661 4413 sed

413 4463 552 4508 non
591 4443 829 4506 vident
875 4462 963 4505 an
1008 4461 1242 4505 verum
1297 4443 1382 4506 sit
1429 4442 1540 4505 vel
1594 4443 1857 4518 falsum,
1906 4451 1977 4506 et
2022 4463 2230 4526 usque
2276 4453 2663 4525 agnoscunt

412 4537 596 4620 quod
622 4554 858 4599 verum
885 4557 901 4615 ;
949 4535 1130 4619 quod
1161 4536 1228 4599 hi
1260 4538 1621 4611 sei-visint,
1658 4556 1812 4600 cum
1844 4535 1938 4601 illi
1970 4539 2083 4620 qui
2120 4559 2209 4601 ex
2242 4557 2316 4600 se
2348 4539 2663 4619 cogitant

413 4632 606 4697 liberi
644 4639 827 4707 sunt,
867 4649 957 4694 ex
996 4630 1328 4696 relatione
1363 4633 1679 4714 opposita
1714 4641 1933 4714 patet.
