3259 5384
1014 685 1176 738 CAP.
1209 685 1363 751 x11.,
1395 684 1605 737 vERs.
1637 685 1860 754 7.-Ν,
1889 685 2035 754 735.
2466 685 2637 754 2059

409 855 579 932 alibi,

497 969 762 1032 “Spiritus
791 967 1119 1019 daemonum
1148 968 1410 1019 facientes
1445 969 1603 1032 signa
1633 969 1703 1018 ad
1737 969 2042 1019 exeundum
2079 969 2148 1018 ad
2182 981 2337 1031 reges
2374 977 2547 1018 terrae
2581 979 2636 1020 et

655 1035 822 1085 totius
850 1035 998 1084 orbis
1029 1044 1306 1093 terrarum,
1331 1035 1400 1084 ad
1427 1035 1867 1098 congregandum
1894 1035 2021 1084 illos
2048 1035 2103 1084 in
2134 1035 2331 1084 bellum
2358 1035 2465 1084 diei
2494 1035 2635 1085 illius

652 1115 883 1162 magnae
911 1099 1013 1150 Dei
1037 1100 1427 1163 omnipotentis
1442 1099 1472 1119 '⁹
1494 1099 1620 1161 (xvi.
1650 1100 1762 1163 14);

405 1234 471 1289 et
504 1225 680 1302 alibi,

507 1337 732 1388 satana
763 1339 971 1388 “exibit
1004 1339 1072 1388 ad
1097 1319 1471 1389 'seducendum
1508 1349 1723 1402 gentes.
1745 1376 1849 1396 ...,
1885 1337 2101 1403 Gogum
2135 1348 2191 1390 et
2228 1338 2541 1403 Magogum,
2576 1347 2637 1390 ut

655 1414 952 1468 congreget
975 1419 1071 1454 eos
1097 1404 1152 1453 in
1179 1405 1376 1454 bellum
1393 1403 1421 1424 ”
1447 1401 1610 1468 (mxx.
1637 1404 1715 1467 8):

405 1555 516 1617 per
551 1537 914 1600 “bellum”
950 1539 1157 1601 etiam
1205 1538 1270 1600 in
1318 1537 1421 1601 his
1468 1537 1635 1600 locis
1679 1537 2098 1620 significatur
2143 1537 2396 1602 bellum
2442 1539 2631 1621 spiri-

402 1631 595 1707 tuale,
635 1631 822 1714 quod
869 1642 974 1695 est
1011 1631 1158 1694 salsi
1198 1641 1438 1695 contra
1475 1652 1731 1706 verum,
1772 1652 1851 1695 ac
1898 1633 2038 1696 veri
2076 1641 2318 1696 contra
2353 1631 2633 1695 falsum:

281 1724 288 1732 ’
403 1723 636 1788 dicitur
667 1724 924 1788 bellum
951 1725 1097 1788 falsi
1130 1735 1371 1788 contra
1396 1745 1651 1800 verum,
1680 1745 1757 1788 ac
1789 1727 1931 1788 veri
1963 1737 2203 1789 contra
2233 1725 2475 1789 falsum
2501 1747 2516 1803 ;
2562 1735 2636 1788 at

403 1820 743 1882 sciendum
791 1829 897 1882 est
943 1819 1124 1902 quod
1179 1819 1274 1882 illi
1329 1821 1440 1902 qui
1493 1822 1560 1883 in
1604 1818 1790 1885 falsis
1836 1829 1994 1883 sunt
2042 1829 2350 1902 pugnent
2397 1829 2638 1883 contra

402 1933 570 1989 vera,
607 1914 730 1977 sed
779 1933 917 1977 non
963 1915 1060 1976 ita
1105 1913 1199 1977 illi
1247 1916 1357 1997 qui
1403 1916 1469 1977 in
1516 1916 1692 1978 veris
1738 1922 1897 1978 sunt
1936 1925 2176 1978 contra
2212 1913 2421 1992 salsa3
2479 1932 2634 1977 nam

401 2005 490 2069 illi
539 2009 648 2089 qui
703 2009 772 2070 in
823 2008 1008 2070 falsis
1061 2019 1220 2071 sunt
1267 2029 1534 2090 semper
1579 2009 2091 2090 aggrediuntur,
2140 2018 2212 2073 at
2265 2007 2360 2071 illi
2412 2008 2523 2091 qui
2568 2009 2636 2071 in

401 2102 565 2164 veris
609 2114 772 2165 sunt
811 2103 1018 2166 modo
1056 2101 1467 2182 defendunt3
1524 2101 1647 2166 sed
1684 2101 1909 2185 quoad
1947 2102 2336 2177 Dominum,
2380 2101 2505 2165 Ille
2550 2122 2637 2164 ne

401 2195 662 2276 quidem
701 2206 1065 2279 repugnat,
1106 2197 1227 2261 sed
1269 2197 1476 2260 modo
1513 2207 1779 2261 tutatur
1816 2217 2013 2260 vera:
2070 2195 2193 2259 sed
2230 2198 2315 2260 de
2352 2196 2455 2259 his
2492 2215 2636 2259 am-

403 2287 569 2370 plius
606 2290 789 2354 alibi.

509 2401 702 2475 733.
761 2391 1074 2456 “Hiohaol
1114 2399 1182 2456 or
1227 2393 1440 2475 angeli
1481 2392 1616 2475 ojus
1651 2398 2010 2474 pugnarunt
2054 2411 2191 2455 oum
2241 2393 2534 2464 dracone,
2578 2397 2647 2454 or

403 2479 589 2544 draco
607 2483 908 2564 pugnavit
931 2487 996 2546 a!
1017 2484 1230 2565 angeli
1244 2482 1733 2566 ojus.''—Quod
1767 2482 2108 2564 significet
2125 2491 2430 2564 pugnam
2460 2482 2641 2545 inter

402 2569 544 2635 illos
587 2575 710 2655 qui
739 2585 873 2655 pro
917 2576 1061 2638 vita
1105 2575 1358 2639 amoris
1402 2584 1466 2637 et
1507 2574 1867 2638 charitatis
1912 2584 2088 2649 sunt,
2128 2583 2192 2637 et
2225 2584 2357 2654 pro
2393 2573 2641 2636 Divino

357 2695 368 2711 ι
399 2664 668 2730 Domini
696 2669 770 2731 in
807 2668 1121 2732 Humano
1157 2670 1408 2750 Ipsius,
1447 2679 1679 2732 contra
1723 2668 1875 2732 illos
1920 2669 2040 2751 qui
2059 2677 2193 2750 pro
2210 2669 2358 2752 fide
2400 2666 2545 2731 sola
2578 2677 2645 2730 et

401 2771 730 2841 separata,
774 2773 841 2826 et
883 2765 1004 2844 qui
1031 2773 1260 2826 contra
1294 2763 1617 2826 Divinum
1654 2763 1931 2825 Domini
1961 2763 2030 2824 in
2066 2763 2377 2824 Humano
2411 2761 2641 2841 Ipsius

401 2865 568 2928 sunt,
617 2867 898 2920 constat
953 2879 1042 2921 ex
1098 2857 1593 2939 significatione
1646 2857 2064 2920 “Michaelis
2117 2866 2188 2921 et
2242 2856 2640 2938 angelorum

402 2947 590 3029 ejuS,”
621 2952 811 3033 quod
858 2952 994 3014 sint
1040 2953 1150 3034 qui
1191 2970 1312 3032 pro
1352 2951 1600 3013 Divino
1642 2951 1916 3014 Domini
1953 2951 2021 3013 in
2064 2951 2385 3013 Humano
2424 2950 2641 3032 Ipsius

402 3051 574 3115 sunt,
615 3053 687 3105 et
727 3063 856 3124 pro
890 3044 1036 3106 vita
1073 3043 1326 3106 amoris
1361 3052 1433 3106 et
1470 3043 1829 3105 charitatis
1867 3059 1950 3115 (de
1978 3071 2077 3116 qua
2102 3058 2380 3119 sequitur);
2432 3051 2504 3105 et
2549 3059 2641 3104 ex

402 3131 890 3212 significatione
941 3135 1370 3210 “draconis‚”
1415 3134 1596 3217 quod
1653 3135 1789 3197 sint
1844 3134 1954 3217 qui
2010 3153 2132 3216 pro
2188 3133 2316 3197 fide
2372 3133 2519 3197 sola
2570 3143 2643 3196 et

405 3239 712 3308 separata
746 3251 787 3292 a
817 3232 960 3294 vita
990 3231 1236 3293 amoris
1269 3241 1339 3293 et
1373 3230 1747 3304 charitatiS,
1775 3238 1847 3292 et
1879 3249 2146 3312 quoque
2180 3238 2421 3292 contra
2452 3228 2640 3290 Divi-

407 3339 556 3385 num
590 3323 872 3387 Domini
909 3326 975 3386 in
1013 3324 1333 3386 Humano
1368 3325 1624 3404 Ipsius:
1674 3324 1854 3405 quod
1893 3323 1987 3387 illi
2025 3324 2138 3405 qui
2175 3324 2241 3385 in
2280 3321 2410 3386 fide
2446 3341 2641 3401 sepa-

403 3425 545 3478 rata
586 3437 628 3480 a
667 3418 1008 3482 charitate
1045 3429 1226 3489 sunt,
1267 3438 1438 3500 quae
1485 3417 1653 3481 fides
1690 3428 1976 3480 vocatur
2020 3416 2165 3480 sola
2211 3415 2398 3490 fides,
2440 3415 2642 3478 intel-

404 3503 701 3587 ligantur
740 3529 863 3591 per
903 3509 1398 3585 “draconem,”
1429 3529 1635 3590 supra
1672 3524 1741 3581 (n.
1766 3523 1908 3588 714.
1932 3522 2078 3588 715,
2099 3507 2247 3587 716)
2284 3517 2642 3570 ostensum

403 3610 540 3663 est:
608 3603 798 3684 quod
856 3603 1063 3666 etiam
1122 3602 1326 3665 iidem
1381 3603 1517 3664 sint
1574 3613 1814 3665 contra
1869 3601 2187 3664 Divinum
2242 3600 2519 3663 Domini
2575 3601 2642 3662 in

406 3691 723 3760 Humano
773 3696 1015 3776 IpsiuS,
1063 3697 1192 3762 hoc
1239 3707 1367 3772 est,
1417 3707 1659 3760 contra
1704 3697 2024 3759 Divinum
2074 3695 2489 3768 Humanum,
2538 3708 2644 3759 est

405 3790 552 3870 quia
603 3791 912 3872 plerique
967 3811 1198 3854 eorum
1250 3793 1362 3874 qui
1417 3811 1489 3854 se
1544 3789 2115 3854 confirmaverunt
2169 3791 2235 3853 in
2289 3789 2435 3853 sola
2490 3789 2642 3863 fide,

405 3899 579 3946 mere
613 3885 964 3948 naturales
996 3894 1066 3949 et
1099 3885 1448 3948 sensuales
1485 3896 1685 3962 sunt;
1732 3905 1810 3949 ac
1846 3884 2171 3948 naturalis
2208 3896 2278 3948 et
2316 3883 2645 3947 sensualis

405 3975 605 4042 homo
651 3989 1009 4060 separatus
1054 4000 1095 4041 a
1139 3979 1468 4061 spirituali
1514 3999 1652 4042 non
1699 3979 1992 4061 aliquam
2040 3978 2263 4041 ideam
2307 3977 2535 4040 Divini
2578 3978 2645 4038 in

408 4069 726 4138 Humano
765 4083 994 4154 potest
1035 4074 1306 4148 habere,
1347 4075 1661 4155 cogitant
1706 4075 1887 4137 enim
1935 4072 2337 4136 naturaliter
2372 4082 2443 4136 et
2490 4091 2646 4134 sen-

407 4167 679 4232 sualiter
717 4169 806 4230 de
848 4167 1172 4232 Humano
1211 4168 1507 4242 Domini,
1549 4180 1620 4231 et
1669 4188 1805 4232 non
1852 4167 2051 4231 simul
2088 4189 2179 4230 ex
2226 4167 2450 4249 aliqua
2495 4166 2649 4228 idea

404 4263 768 4342 spirituali3
833 4261 991 4325 inde
1050 4274 1156 4326 est
1215 4263 1396 4345 quod
1456 4262 1543 4325 de
1604 4260 1901 4326 Domino
1954 4263 2269 4343 cogitent
2327 4263 2502 4324 sicut
2559 4260 2645 4323 de

405 4356 659 4439 vulgari
691 4359 972 4421 homine
1001 4357 1126 4420 sibi
1157 4358 1318 4438 ipsis
1345 4375 1614 4439 prorsus
1648 4356 1866 4431 simili,
1894 4357 2077 4438 quod
2110 4359 2318 4420 etiam
2350 4356 2603 4419 docent
2629 4377 2645 4430 ;

405 4451 554 4516 inde
599 4463 708 4516 est
758 4451 944 4532 quod
981 4450 1300 4514 Divinum
1339 4451 1614 4514 Domini
1652 4469 1853 4532 supra
1892 4449 2284 4514 Humanum
2324 4450 2541 4532 Ipsius
2577 4449 2652 4512 in

406 4543 550 4608 idea
585 4546 1033 4626 cogitationis
1070 4565 1228 4608 suae
1268 4555 1548 4625 ponant,
1587 4553 1658 4607 et
1694 4546 1790 4608 sic
1828 4543 1965 4609 duo
2000 4544 2137 4619 illa,
2172 4563 2416 4624 nempe
2455 4543 2645 4606 Divi-

407 4656 558 4702 num
583 4651 658 4704 et
679 4639 1080 4703 Humanum
1100 4639 1395 4714 Domini,
1420 4658 1691 4721 prorsus
1714 4648 2073 4721 separant:
2113 4649 2183 4702 et
2210 4639 2339 4702 hoe
2364 4637 2642 4713 faciunt,
