3259 5384
512 600 677 665 2032
1132 596 1631 649 APOCALYPSIS
1677 597 2128 649 EXPLICATA.

510 766 769 831 deserti
789 764 821 793 ''
859 764 1325 850 significantur
1370 786 1595 831 merae
1642 765 2150 831 falsificationes
2195 786 2286 829 ex
2323 764 2564 847 quibus
2604 763 2750 827 illa.

514 859 855 943 Quoniam
900 860 1079 943 apud
1124 871 1408 943 gentem
1442 860 1795 942 judaicam
1835 862 2062 925 omnia
2100 859 2313 924 Verbi
2357 857 2755 923 adulterata

510 954 800 1031 fuerunt,
840 964 909 1019 et
958 955 1047 1017 ibi
1094 975 1231 1017 non
1276 974 1507 1019 verum
1554 955 1846 1037 amplius
1891 956 2052 1039 quia·
2093 974 2230 1017 non
2275 953 2555 1027 bonum,
2593 952 2754 1016 ideo

508 1047 858 1129 Johannes
896 1048 1213 1133 Baptista
1257 1055 1296 1081 ‘⁴
1315 1050 1383 1113 in
1421 1048 1749 1113 deserto”
1787 1048 1932 1124 suit,
1975 1068 2092 1131 per
2119 1048 2305 1129 quod
2351 1067 2752 1129 repraesen-

512 1142 788 1298 {abatur
823 1152 1049 1207 status
1085 1142 1264 1207 illius
1296 1142 1651 1219 eeclesiae,
1689 1142 1775 1207 de
1809 1163 1940 1226 qua
1977 1163 2048 1206 re
2085 1144 2186 1205 ita
2217 1142 2400 1224 apud
2436 1140 2754 1243 Evang&

538 1235 711 1301 istas

622 1368 900 1434 johannes
937 1369 1233 1455 Baptisqa‘
1236 1370 1364 1421 ‘fuit
1398 1370 1453 1419 in
1488 1371 1716 1420 desertis
1747 1382 1920 1433 usque
1959 1370 2028 1419 ad
2071 1370 2186 1419 dies
2220 1369 2575 1433 apparitionis
2607 1369 2754 1418 illius

773 1436 843 1485 ad
874 1434 1174 1485 Ismelem”
1201 1435 1345 1497 (Luc.
1376 1435 1405 1485 i.
1432 1433 1607 1494 1¹:180)

624 1499 1243 1627 Quoderaedicaveri3:
1242 1501 1299 1550 in
1333 1502 1548 1551 deserto
1574 1499 1814 1566 judaeae
1859 1500 2074 1561 (Μαῖα.
2099 1499 2171 1550 iii.
2197 1510 2324 1560 1—33
2368 1501 2538 1549 Mart.
2563 1499 2596 1549 i.
2621 1507 2754 1559 2-43

820 1581 882 1614 uc
922 1580 976 1615 m
1020 1578 1049 1615 2
1088 1579 1137 1626 4,
1164 1578 1191 1627 5

512 1698 583 1753 et
621 1688 800 1770 apud
830 1686 1141 1764 Esaiam,

612 1801 787 1851 “Vox
812 1801 1099 1851 clamantis
1134 1802 1189 1851 in
1218 1803 1449 1861 deserto,
1481 1801 1674 1852 Parate
1703 1802 1844 1851 viam
1881 1802 2134 1867 Jehovae,
2163 1802 2506 1865 complanate
2537 1802 2593 1851 in
2627 1800 2756 1851 soli-

776 1867 963 1917 tudine
991 1867 1239 1917 semitam
1270 1867 1390 1917 Deo
1418 1878 1606 1917 nostro
1627 1866 1656 1887 '⁹
1685 1867 1774 1930 (xl.
1801 1868 1866 1929 3).

516 2010 744 2093 Quare
784 2012 993 2076 etiam
1035 2012 1369 2075 Dominus
1402 2012 1539 2076 de‘
1548 2010 2128 2093 ‘Hierosolyma,”
2160 2032 2278 2094 per
2309 2030 2512 2093 quam
2545 2008 2753 2074 intel-

520 2106 751 2188 ligitur
786 2106 1080 2170 ecclesia
1115 2106 1339 2188 quoad
1376 2104 1781 2181 doetrinam,
1823 2106 2002 2169 dixit
2040 2106 2222 2188 quod

872 2248 1255 2313 “Relinquitur
1279 2249 1475 2299 domus
1501 2258 1685 2299 vestm
1709 2248 1967 2299 deserta’·
1993 2249 2139 2310 (Luc.
2150 2248 2272 2299 xiii.
2298 2248 2410 2309 39:

519 2390 819 2452 “domus
873 2388 1195 2453 deserta”
1248 2388 1589 2471 significat
1643 2388 2006 2452 ecclesiam
2063 2388 2316 2470 absque
2369 2387 2546 2451 veris
2599 2388 2758 2469 quia

514 2482 771 2565 absque
830 2482 1031 2547 bono.
1152 2481 1333 2565 Quid
1396 2494 1629 2547 autem
1689 2482 2112 2565 significatur
2166 2502 2287 2565 per
2345 2480 2516 2545 haec
2569 2482 2755 2562 ‘apud

513 2576 957 2653 Matthaeum,

613 2709 713 2759 “Si
748 2711 980 2761 dixerint
1016 2710 1188 2770 vobis,
1226 2708 1409 2761 Ecce”
1440 2710 1692 2761 Christus
1721 2710 1822 2759 “in
1861 2710 2075 2760 deserto
2111 2718 2208 2770 est,
2245 2724 2314 2759 ne
2347 2709 2587 2768 exeatis;
2621 2707 2668 2759 si
2701 2708 2756 2757 in

776 2775 1135 2836 conclavibus,
1166 2790 1235 2825 ne
1262 2776 1490 2825 credatis
1509 2776 1538 2796 ”
1566 2776 1730 2838 (xxiv.
1757 2777 1854 2835 26),

515 2908 831 2971 videatur
874 2908 1301 2991 explicatum
1359 2910 1425 2971 in
1470 2908 1777 2973 Arcanis
1827 2906 2246 2973 Caeles-tibus
2291 2923 2360 2983 (n.
2394 2923 2576 2982 3900):
2637 2926 2758 2989 per

521 2996 975 3064 “Christum”
1032 3002 1213 3065 enim
1280 2999 1692 3082 intelligitur
1758 2998 2091 3065 Dominus
2150 3000 2374 3085 quoad
2437 2999 2754 3062 Divinum

518 3090 799 3169 Verum,
849 3094 1131 3175 proinde
1176 3094 1401 3177 quoad
1458 3092 1766 3158 Verbum
1825 3103 1898 3157 et
1944 3096 2166 3177 quoad
2226 3090 2607 3157 dostrinam
2666 3113 2758 3156 ex

520 3184 795 3263 Verbo;
844 3198 915 3251 et
963 3209 1082 3270 per
1123 3187 1384 3251 “salsos
1432 3184 1808 3263 Christos,”
1847 3189 1932 3251 de
1971 3190 2210 3271 quibus
2257 3186 2374 3251 illa
2419 3188 2756 3261 dicuntur,

519 3280 985 3361 significantur
1015 3281 1191 3345 salsa
1223 3278 1575 3345 doetrinae
1606 3303 1697 3345 ex
1732 3280 1906 3345 veris
1932 3280 2144 3345 Verbi
2176 3280 2568 3347 falsificatis,
2645 3280 2758 3343 Ex

518 3374 748 3459 allatis
778 3396 816 3439 e
848 3374 1083 3439 Verbo
1118 3375 1286 3439 locis
1318 3386 1637 3439 constare
1671 3385 1905 3459 potest
1939 3376 2120 3458 quod
2153 3396 2271 3460 per
2307 3376 2710 3439 “desertum
2728 3374 2759 3399 ”

519 3469 948 3551 intelligatur
984 3468 1275 3533 ecclesia
1313 3470 1424 3533 ubi
1467 3490 1603 3532 non
1644 3490 1805 3534 vera
1835 3472 1992 3551 quia
2031 3489 2167 3533 non
2206 3470 2482 3542 bonum,
2517 3489 2760 3533 conse·

518 3573 808 3644 quenter
852 3562 965 3625 ubi
1025 3563 1266 3626 falsum
1314 3565 1470 3645 quia
1517 3563 1794 3633 malum,
1843 3581 2001 3626 nam
2049 3564 2159 3626 ubi
2217 3582 2353 3626 non
2399 3580 2633 3626 verum
2687 3573 2760 3626 et

520 3658 773 3719 bonum
806 3656 897 3719 ibi
920 3656 1297 3720 est-falsum
1322 3667 1391 3720 et
1418 3656 1717 3733 malum3
1766 3676 1902 3722 non
1929 3656 2130 3719 datur
2155 3665 2512 3738 utrumque
2537 3656 2759 3732 simul,

520 3753 702 3834 quod
748 3750 1156 3833 intelligitur
1200 3772 1319 3833 per
1367 3751 1646 3814 Domini
1696 3753 1925 3826 verba,
1967 3751 2148 3834 quod
2193 3756 2452 3815 “nemo
2497 3752 2762 3815 duobus

519 3846 814 3909 dominis
851 3847 1111 3908 servire·
1139 3845 1412 3928 possit.”

626 3947 769 4031 ·[o.]
838 3948 967 4029 (ii.)
1017 3946 1223 4028 Quod
1263 3967 1384 4029 per
1416 3949 1833 4010 “desertum
1851 3946 1883 3973 ”
1915 3946 2126 4009 etiam
2163 3946 2589 4027 significetur
2617 3955 2762 4009 sta·

523 4052 634 4105 tus
670 4040 1000 4104 ecclesiae
1034 4040 1213 4121 apud
1254 4050 1523 4121 genteS,
1558 4058 1732 4124 quae
1769 4041 1836 4101 in
1873 4040 2264 4120 ignorantia
2292 4040 2433 4102 veri
2469 4040 2758 4113 suerunt,

522 4145 593 4200 et
628 4156 836 4220 usque
873 4136 941 4199 in
979 4136 1162 4199 bono
1198 4136 1382 4199 vitae
1422 4134 1797 4200 secundum
1829 4153 2022 4197 suum
2055 4134 2470 4216 religiosum,
2505 4155 2596 4199 ex
2627 4154 2762 4217 quo

524 4230 1081 4293 desideraverunt
1144 4249 1325 4303 vera,
1384 4239 1702 4292 constare
1762 4229 1970 4291 etiam
2027 4238 2260 4311 potest
2319 4248 2412 4291 ex
2471 4229 2638 4291 locis
2691 4229 2760 4291 in

522 4322 757 4386 Verbo
803 4324 913 4385 ubi
960 4323 1045 4387 de
1090 4321 1381 4386 ecclesia
1416 4323 1595 4405 apud
1644 4332 1892 4403 gentes
1931 4322 2371 4387 instauranda
2407 4324 2670 4404 agitur.
2676 4357 2764 4369 —

523 4416 731 4499 Apud
770 4414 1077 4494 Esaiam,

622 4566 651 4587 ‘⁸
668 4562 985 4614 Effundetur
1010 4577 1173 4627 super
1200 4558 1351 4612 [⁸lvos
1380 4562 1599 4625 spiritus
1626 4576 1696 4613 ex
1723 4562 1850 4621 alte,
1877 4572 2005 4612 tunc
2031 4562 2305 4612 desertum
2333 4561 2436 4611 erit
2470 4560 2524 4610 in
2553 4574 2761 4622 arvum,
