3259 5384
623 605 794 684 2428
1249 620 1748 674 APOCALvPsls
1794 621 2241 674 EXPLICATA.

623 789 896 870 propria
933 791 1269 872 potentia,
1303 801 1378 856 at
1423 792 1739 858 homines
1770 803 2261 876 regenerantur
2292 813 2429 856 non
2466 813 2559 856 ex
2592 791 2862 874 propria

623 884 960 964 potentia,
999 885 1124 949 sed
1161 905 1204 948 a
1239 886 1560 962 Domino,
1596 907 1716 970 per
1750 888 2225 970 “baptismum
2244 885 2275 911 ’⁹
2308 887 2489 950 enim
2518 884 2861 966 significa·

623 985 733 1040 tur
758 997 876 1059 per
908 979 1332 1044 tentationes
1363 982 1769 1062 regenerari,
1796 991 1870 1045 at
1897 1001 2015 1063 per
2044 987 2083 1013 “
2103 981 2516 1063 baptismum
2551 975 2863 1042 Domini”

623 1085 745 1148 per
780 1069 1208 1133 tentationes
1236 1071 1620 1152 glorificare
1661 1071 2057 1136 Humanum
2102 1091 2319 1134 suum.
2394 1086 2566 1145 (Quod
2594 1081 2866 1144 pen-''hap-

621 1163 816 1208 tismum
833 1163 861 1179 '⁹
895 1165 1188 1222 significetur
1219 1167 1516 1224 regeneratio
1549 1175 1597 1214 et
1629 1181 1827 1226 quoque
1868 1169 2081 1220 tentatio.
2104 1167 2324 1212 videatur
2348 1165 2399 1210 in
2428 1166 2669 1212 Domina
2701 1165 2866 1212 Novae

623 1235 993 1294 Hierosolyma,
1009 1251 1056 1283 n.
1073 1241 1296 1296 187-193.
1310 1252 1426 1296 seq.:
1459 1245 1507 1284 et
1523 1239 1657 1298 quod
1681 1239 1921 1284 Dominus
1934 1239 2263 1297 glorificaverit
2280 1239 2566 1284 Humanum
2588 1233 2731 1282 suum
2748 1243 2797 1282 et
2814 1237 2867 1282 id

623 1301 850 1348 Divinum
871 1303 1046 1358 fecerit.
1068 1305 1190 1352 sieut
1211 1313 1458 1364 regenerat
1477 1307 1723 1352 hominem
1760 1314 1809 1352 et
1838 1307 1972 1352 illum
1992 1307 2281 1365 spiritualem
2314 1305 2439 1359 facit,
2458 1306 2679 1350 videatur
2696 1305 2747 1350 in
2766 1305 2867 1350 Ar-

621 1371 755 1416 canis
779 1371 1075 1426 Caelum,
1098 1386 1146 1420 n.
1171 1385 1304 1432 ¹725·
1330 1386 1464 1434 1⁷²9·
1489 1387 1622 1434 1733.
1644 1377 1781 1434 3318.
1803 1377 1940 1432 3381.
1963 1377 2103 1433 3382,
2118 1374 2279 1432 4286.)

741 1450 950 1534 894.
1004 1453 1158 1516 “uio
1183 1452 1657 1518 [novendium
1692 1455 1983 1516 mandata
2024 1451 2485 1534 Doi.''—-Quod
2522 1451 2863 1532 significet

621 1543 802 1624 quod
821 1541 902 1605 lu'
917 1543 1058 1606 sint
1077 1545 1200 1626 qui
1221 1545 1458 1609 vivunt
1479 1547 1831 1610 secundum
1845 1555 2203 1628 praecepta
2222 1545 2497 1610 Domini
2520 1545 2591 1606 in
2632 1543 2696 1608 V
2686 1543 2859 1618 erbo,

623 1646 900 1700 constat
936 1637 1190 1720 absque
1229 1639 1712 1719 explicatione.
1802 1639 1881 1704 In
1920 1639 2157 1704 Verbo
2192 1637 2543 1720 permultis
2590 1638 2656 1700 in
2698 1637 2861 1700 locis

623 1730 868 1794 dicitur
923 1731 1106 1814 quod
1162 1733 1643 1797 “custodirent
1702 1743 1773 1796 et
1831 1733 2133 1797 facerent
2184 1733 2511 1796 mandata
2570 1730 2697 1794 Dei
2714 1731 2745 1755 ”
2788 1739 2861 1796 et

625 1830 1050 1907 “praecepta
1088 1826 1304 1908 Ipsius
1326 1826 1377 1905 ;”
1429 1837 1502 1891 et
1547 1847 1669 1909 per
1708 1827 1983 1892 “facere
2030 1836 2397 1909 praecepta
2434 1825 2561 1890 Dei
2577 1826 2607 1849 '’
2644 1825 2860 1890 simile

621 1918 1028 2001 intelligitur
1077 1920 1260 2002 quod
1313 1941 1432 2002 per
1481 1927 1769 1986 “amare
1823 1921 2192 1984 Dominum
2240 1941 2440 2002 super
2492 1921 2743 1994 omnia,
2790 1929 2860 1983 et

623 2013 1009 2094 proximum
1051 2015 1226 2079 sicut
1270 2035 1342 2078 se
1389 2017 1608 2096 ipsum
1635 2015 1688 2078 :⁹⁹
1742 2035 1899 2080 nam
1936 2015 2119 2098 quod
2164 2015 2372 2078 homo
2418 2015 2701 2076 interius
2746 2033 2863 2076 seu

623 2125 712 2168 ex
753 2107 957 2170 corde
995 2117 1202 2184 amat,
1237 2109 1364 2173 hoc
1399 2109 1566 2184 vult,
1602 2119 1674 2173 et
1710 2109 1893 2193 quod
1932 2109 2079 2173 vult
2116 2109 2243 2172 hoc
2278 2107 2477 2182 sacit;
2526 2118 2599 2170 et
2636 2126 2861 2170 amare

624 2197 845 2264 Deum
877 2210 985 2264 est
1015 2221 1242 2267 amare
1275 2215 1641 2284 praecepta
1670 2203 1908 2285 IpsiuS.
1944 2205 2100 2285 quia
2129 2203 2246 2266 illa
2272 2213 2430 2267 sunt
2470 2201 2620 2276 Dei,
2656 2221 2861 2283 usque

623 2302 696 2356 ut
751 2295 886 2358 sint
941 2294 1148 2358 Deus,
1239 2296 1408 2360 Inde
1453 2306 1768 2360 constare
1816 2307 2047 2378 potest
2091 2316 2297 2380 quam
2352 2315 2586 2378 parum
2641 2296 2863 2359 sciunt

622 2385 1000 2452 sectatores
1029 2389 1236 2452 solius
1267 2389 1423 2454 fidei
1451 2391 1610 2474 quid
1648 2392 1737 2454 sit
1768 2411 1998 2469 amor;
2042 2403 2353 2454 annuunt
2384 2389 2491 2454 vel
2522 2388 2863 2454 affirmant
2958 2418 2965 2427 ·

622 2482 805 2565 quod
842 2480 1012 2546 fides
1042 2485 1226 2547 vivat
1256 2505 1346 2548 ex
1379 2505 1632 2560 amore,
1664 2495 1737 2549 et
1773 2485 1953 2567 quod
1991 2483 2158 2550 fides
2190 2496 2455 2548 mortua
2486 2484 2575 2547 sit
2607 2484 2861 2566 absque

623 2596 874 2652 amore,
910 2587 980 2640 et
1014 2587 1245 2641 tamen
1277 2598 1414 2642 non
1445 2581 1667 2643 sciunt
1698 2579 1881 2662 quod
1911 2599 2101 2642 amor
2136 2589 2208 2644 et
2238 2575 2415 2642 faeta
2448 2597 2655 2642 unum
2686 2579 2861 2656 sint;

623 2670 859 2733 dicunt
890 2673 1097 2734 etiam
1129 2672 1312 2754 quod
1343 2674 1410 2736 in
1443 2673 1572 2736 fide
1605 2675 1693 2737 sit
1724 2693 1935 2746 amor,
1962 2684 2034 2736 et
2064 2683 2298 2736 tamen
2330 2673 2649 2753 ignorant
2682 2671 2863 2754 quod

624 2767 691 2828 in
746 2765 876 2828 fide
927 2785 1062 2829 non
1111 2785 1302 2832 amor
1344 2769 1431 2832 sit
1484 2769 1539 2831 si
1586 2787 1723 2831 non
1776 2769 2042 2832 vivatur
2080 2767 2452 2830 secundum
2499 2777 2865 2848 praecepta

626 2858 902 2924 Domini
939 2862 1008 2924 in
1045 2861 1320 2939 Verbo;
1374 2873 1446 2926 et
1491 2862 1676 2945 quod
1714 2861 1965 2925 exinde
2004 2872 2075 2925 et
2113 2881 2380 2943 prorsus
2418 2881 2557 2924 non
2594 2861 2861 2924 aliunde

625 2955 711 3017 sit
749 2954 986 3036 aliquis
1023 2975 1213 3019 amor
1255 2957 1322 3018 in
1371 2954 1523 3033 fide,
1563 2957 1688 3019 nisi
1725 2973 1929 3038 quam
1966 2973 2155 3018 amor
2193 2955 2536 3030 naturali5‚
2576 2957 2689 3036 qui
2729 2975 2861 3018 non

623 3060 729 3113 est
777 3069 1003 3112 amare
1049 3047 1438 3125 Dominum,
1480 3070 1604 3114 nec
1650 3071 1875 3114 amare
1922 3051 2329 3132 proximum,
2364 3049 2485 3113 sed
2532 3060 2754 3112 semet
2790 3059 2861 3112 et

625 3143 991 3223 mundum;
1053 3153 1124 3208 et
1185 3145 1254 3207 hi
1312 3163 1578 3208 amores
1638 3163 1909 3226 prorsus
1971 3144 2329 3209 destruunt
2382 3143 2609 3219 fidem,
2660 3145 2862 3207 immo

621 3236 980 3304 falsificant
1025 3257 1206 3315 vera,
1243 3259 1416 3322 quae
1460 3240 1795 3322 genuinae
1841 3236 1996 3302 fidei
2040 3249 2260 3314 erunt,
2298 3257 2471 3320 quae
2516 3239 2586 3300 in
2633 3237 2863 3302 Verbo

624 3341 802 3396 sunt.

623 3443 628 3448 ·
743 3427 951 3512 895.
992 3427 1112 3492 “tt
1141 3429 1326 3492 fidum
1351 3427 1863 3511 doum—Quod
1906 3427 2247 3509 significet
2284 3427 2863 3509 implantationem

624 3521 774 3584 veri
797 3541 842 3584 a
869 3521 1150 3584 Domino
1172 3531 1236 3586 et
1255 3521 1657 3603 agnitionem
1678 3520 1928 3602 Ipsius,
1956 3531 2231 3584 constat
2256 3539 2346 3584 ex
2372 3519 2862 3601 significatione

629 3619 670 3646 “
688 3612 843 3676 fidei
863 3611 1087 3694 Jesu,’'
1111 3613 1294 3696 quod
1325 3614 1414 3678 sit
1445 3613 1891 3695 implantatio
1914 3613 2057 3676 veri
2082 3631 2125 3675 a
2154 3611 2459 3676 Domino
2484 3629 2569 3686 (de
2590 3640 2691 3685 qua
2706 3641 2864 3687 supa,

625 3733 676 3767 n.
697 3705 848 3784 813)
873 3725 888 3780 ;
933 3703 1120 3786 quod
1149 3705 1362 3768 etiam
1393 3705 1484 3768 sit
1513 3705 1781 3785 agnitio
1808 3703 2110 3775 Domini.
2141 3713 2251 3766 est
2281 3703 2439 3785 quia
2468 3701 2863 3784 implantari

625 3815 786 3860 vera
831 3816 966 3859 non
1013 3806 1298 3878 possunt
1351 3797 1477 3860 nisi
1529 3805 1945 3877 agnoscatur
1989 3794 2343 3870 DominuS,
2392 3813 2640 3876 nempe
2684 3793 2861 3876 quod

630 3889 1026 3954 Humanum
1072 3890 1288 3972 Ipsius
1331 3891 1422 3954 sit
1469 3889 1811 3966 Divinum,
1858 3900 1933 3953 et
1978 3889 2159 3971 quod
2206 3890 2295 3952 sit
2341 3887 2528 3951 Deus
2574 3888 2743 3952 caeli
2793 3897 2863 3952 et

627 3994 868 4048 terrae.
957 3983 1322 4048 Sciendum
1356 3993 1462 4048 est
1499 3983 1682 4066 quod
1717 3987 1951 4047 verum
1986 3993 2060 4047 et
2105 3981 2275 4046 fides
2310 3984 2377 4046 in
2412 4003 2535 4046 sua
2570 3983 2863 4046 essentia

628 4098 835 4142 unum
881 4079 1039 4155 sint,
1079 4081 1234 4162 quia
1277 4077 1446 4142 fides
1489 4079 1618 4142 erit
1664 4078 1825 4152 veri,
1861 4097 1939 4141 ac
1984 4095 2219 4140 verum
2254 4079 2383 4141 erit
2420 4075 2615 4154 fidei;
2660 4095 2861 4159 quare

628 4173 886 4255 antiqui
922 4193 1060 4238 non
1098 4174 1418 4238 dixerunt
1464 4172 1690 4248 fidem,
1730 4172 1852 4236 sed
1896 4190 2021 4253 pro
2064 4169 2197 4236 fide
2234 4191 2467 4235 verum
2489 4193 2507 4249 ;
2560 4170 2861 4234 hodierni

627 4279 858 4332 autern
903 4289 1024 4350 pro
1061 4287 1222 4332 vero
1258 4267 1492 4331 dicunt
1529 4266 1771 4330 fidem:
1827 4285 2031 4330 causa
2063 4276 2192 4340 est,
2229 4267 2390 4349 quia
2422 4267 2682 4348 antiqui
2729 4283 2861 4330 non

627 4362 808 4426 aliud
845 4363 1167 4426 dixerunt
1199 4383 1348 4427 esse
1379 4361 1795 4426 credendum
1826 4380 2029 4444 quam
2058 4360 2241 4443 quod
2274 4360 2600 4424 videbant
2632 4377 2859 4424 verum

627 4477 800 4532 esse,
847 4457 946 4520 ita
995 4456 1178 4538 quod
1221 4453 1576 4520 intellectu
1619 4464 1995 4537 ceperunt3
2044 4454 2351 4518 hodierni
2402 4464 2633 4516 autem
2678 4453 2859 4536 quod

627 4552 1040 4618 credendum
1075 4553 1163 4616 sit
1201 4551 1477 4616 tametsi
1513 4571 1653 4614 non
1689 4551 1923 4616 vident
1962 4571 2081 4614 seu
2114 4569 2251 4614 non
2288 4547 2643 4614 intellectu
2682 4549 2855 4632 capi·
