<?xml version="1.0" encoding="UTF-8"?>
<!DOCTYPE html PUBLIC "-//W3C//DTD XHTML 1.0 Transitional//EN"
    "http://www.w3.org/TR/xhtml1/DTD/xhtml1-transitional.dtd">
<html xmlns="http://www.w3.org/1999/xhtml" xml:lang="en" lang="en">
 <head>
  <title>
</title>
<meta http-equiv="Content-Type" content="text/html;charset=utf-8" />
  <meta name='ocr-system' content='tesseract 3.04.00' />
  <meta name='ocr-capabilities' content='ocr_page ocr_carea ocr_par ocr_line ocrx_word'/>
</head>
<body>
  <div class='ocr_page' id='page_1' title='image "./apocalypsisexpl00unkngoog_0389.png"; bbox 0 0 3259 5384; ppageno 0'>
   <div class='ocr_carea' id='block_1_1' title="bbox 916 667 2635 750">
    <p class='ocr_par' dir='ltr' id='par_1_1' title="bbox 916 667 2635 750">
     <span class='ocr_line' id='line_1_1' title="bbox 916 667 2635 750; baseline -0.001 -18"><span class='ocrx_word' id='word_1_1' title='bbox 916 683 1077 733; x_wconf 75' lang='lat' dir='ltr'>CAP.</span> <span class='ocrx_word' id='word_1_2' title='bbox 1113 681 1299 746; x_wconf 67' lang='lat' dir='ltr'>xm„</span> <span class='ocrx_word' id='word_1_3' title='bbox 1331 681 1542 732; x_wconf 69' lang='lat' dir='ltr'>vnns.</span> <span class='ocrx_word' id='word_1_4' title='bbox 1583 680 1841 730; x_wconf 85' lang='lat' dir='ltr'>11.-N.</span> <span class='ocrx_word' id='word_1_5' title='bbox 1876 667 2128 750; x_wconf 86' lang='lat' dir='ltr'><em>817[b].</em></span> <span class='ocrx_word' id='word_1_6' title='bbox 2475 683 2635 750; x_wconf 82' lang='lat'>2291</span> 
     </span>
    </p>
   </div>
   <div class='ocr_carea' id='block_1_2' title="bbox 309 851 2642 4724">
    <p class='ocr_par' dir='ltr' id='par_1_2' title="bbox 309 851 2642 4724">
     <span class='ocr_line' id='line_1_2' title="bbox 379 851 2639 939; baseline -0.001 -19"><span class='ocrx_word' id='word_1_7' title='bbox 379 854 766 920; x_wconf 86' lang='lat' dir='ltr'>Sciendum</span> <span class='ocrx_word' id='word_1_8' title='bbox 823 864 930 920; x_wconf 86' lang='lat' dir='ltr'>est</span> <span class='ocrx_word' id='word_1_9' title='bbox 992 853 1176 939; x_wconf 87' lang='lat' dir='ltr'>quod</span> <span class='ocrx_word' id='word_1_10' title='bbox 1241 873 1362 938; x_wconf 89' lang='lat' dir='ltr'>per</span> <span class='ocrx_word' id='word_1_11' title='bbox 1423 851 1657 916; x_wconf 88' lang='lat' dir='ltr'>omnia</span> <span class='ocrx_word' id='word_1_12' title='bbox 1722 851 2001 916; x_wconf 89' lang='lat' dir='ltr'>nomina</span> <span class='ocrx_word' id='word_1_13' title='bbox 2062 871 2507 935; x_wconf 88' lang='lat' dir='ltr'>personarum</span> <span class='ocrx_word' id='word_1_14' title='bbox 2567 864 2639 918; x_wconf 90' lang='lat' dir='ltr'>et</span> 
     </span>
     <span class='ocr_line' id='line_1_3' title="bbox 379 947 2638 1031; baseline -0 -18"><span class='ocrx_word' id='word_1_15' title='bbox 379 949 701 1013; x_wconf 89' lang='lat' dir='ltr'>locorum</span> <span class='ocrx_word' id='word_1_16' title='bbox 749 950 816 1013; x_wconf 89' lang='lat' dir='ltr'>in</span> <span class='ocrx_word' id='word_1_17' title='bbox 855 949 1092 1014; x_wconf 89' lang='lat' dir='ltr'>Verbo</span> <span class='ocrx_word' id='word_1_18' title='bbox 1129 947 1601 1031; x_wconf 83' lang='lat' dir='ltr'>significentur</span> <span class='ocrx_word' id='word_1_19' title='bbox 1633 967 1743 1010; x_wconf 87' lang='lat' dir='ltr'>res</span> <span class='ocrx_word' id='word_1_20' title='bbox 1788 955 1861 1010; x_wconf 90' lang='lat' dir='ltr'>et</span> <span class='ocrx_word' id='word_1_21' title='bbox 1908 955 2133 1010; x_wconf 84' lang='lat' dir='ltr'>status</span> <span class='ocrx_word' id='word_1_22' title='bbox 2170 947 2525 1024; x_wconf 90' lang='lat' dir='ltr'>ecclesiae,</span> <span class='ocrx_word' id='word_1_23' title='bbox 2566 956 2638 1012; x_wconf 89' lang='lat' dir='ltr'>et</span> 
     </span>
     <span class='ocr_line' id='line_1_4' title="bbox 379 1041 2641 1127; baseline -0 -21"><span class='ocrx_word' id='word_1_24' title='bbox 379 1045 759 1127; x_wconf 83' lang='lat' dir='ltr'>praecipue</span> <span class='ocrx_word' id='word_1_25' title='bbox 801 1064 922 1127; x_wconf 91' lang='lat' dir='ltr'>per</span> <span class='ocrx_word' id='word_1_26' title='bbox 977 1043 1254 1107; x_wconf 88' lang='lat' dir='ltr'>nomina</span> <span class='ocrx_word' id='word_1_27' title='bbox 1307 1043 1376 1106; x_wconf 87' lang='lat' dir='ltr'>in</span> <span class='ocrx_word' id='word_1_28' title='bbox 1430 1042 1662 1124; x_wconf 88' lang='lat' dir='ltr'>primis</span> <span class='ocrx_word' id='word_1_29' title='bbox 1714 1041 2049 1123; x_wconf 83' lang='lat' dir='ltr'>capitibus</span> <span class='ocrx_word' id='word_1_30' title='bbox 2100 1041 2437 1118; x_wconf 83' lang='lat' dir='ltr'>Geneseos,</span> <span class='ocrx_word' id='word_1_31' title='bbox 2484 1043 2641 1126; x_wconf 90' lang='lat' dir='ltr'>quia</span> 
     </span>
     <span class='ocr_line' id='line_1_5' title="bbox 379 1131 2638 1212; baseline -0 -11"><span class='ocrx_word' id='word_1_32' title='bbox 379 1138 726 1202; x_wconf 82' lang='lat' dir='ltr'>historica</span> <span class='ocrx_word' id='word_1_33' title='bbox 775 1139 844 1201; x_wconf 87' lang='lat' dir='ltr'>in</span> <span class='ocrx_word' id='word_1_34' title='bbox 899 1137 1034 1200; x_wconf 90' lang='lat' dir='ltr'>illis</span> <span class='ocrx_word' id='word_1_35' title='bbox 1087 1145 1247 1200; x_wconf 88' lang='lat' dir='ltr'>sunt</span> <span class='ocrx_word' id='word_1_36' title='bbox 1309 1135 1641 1199; x_wconf 88' lang='lat' dir='ltr'>historica</span> <span class='ocrx_word' id='word_1_37' title='bbox 1699 1131 1901 1212; x_wconf 63' lang='lat' dir='ltr'>sacta,</span> <span class='ocrx_word' id='word_1_38' title='bbox 1956 1137 2387 1200; x_wconf 87' lang='lat' dir='ltr'>continentia</span> <span class='ocrx_word' id='word_1_39' title='bbox 2445 1157 2638 1200; x_wconf 87' lang='lat' dir='ltr'>arca·</span> 
     </span>
     <span class='ocr_line' id='line_1_6' title="bbox 379 1225 2639 1314; baseline 0 -20"><span class='ocrx_word' id='word_1_40' title='bbox 379 1234 677 1296; x_wconf 87' lang='lat' dir='ltr'>nissima</span> <span class='ocrx_word' id='word_1_41' title='bbox 707 1230 901 1308; x_wconf 87' lang='lat' dir='ltr'>caeli,</span> <span class='ocrx_word' id='word_1_42' title='bbox 935 1232 1057 1295; x_wconf 86' lang='lat' dir='ltr'>sed</span> <span class='ocrx_word' id='word_1_43' title='bbox 1091 1251 1304 1314; x_wconf 91' lang='lat' dir='ltr'>usque</span> <span class='ocrx_word' id='word_1_44' title='bbox 1335 1225 1768 1293; x_wconf 59' lang='lat' dir='ltr'>sanctissima</span> <span class='ocrx_word' id='word_1_45' title='bbox 1804 1229 1872 1292; x_wconf 89' lang='lat' dir='ltr'>in</span> <span class='ocrx_word' id='word_1_46' title='bbox 1910 1249 2115 1293; x_wconf 89' lang='lat' dir='ltr'>sensu</span> <span class='ocrx_word' id='word_1_47' title='bbox 2151 1229 2448 1305; x_wconf 86' lang='lat' dir='ltr'>litterae,</span> <span class='ocrx_word' id='word_1_48' title='bbox 2482 1231 2639 1314; x_wconf 86' lang='lat' dir='ltr'>quia</span> 
     </span>
     <span class='ocr_line' id='line_1_7' title="bbox 379 1325 2639 1410; baseline 0 -20"><span class='ocrx_word' id='word_1_49' title='bbox 379 1329 450 1390; x_wconf 89' lang='lat' dir='ltr'>in</span> <span class='ocrx_word' id='word_1_50' title='bbox 507 1327 804 1410; x_wconf 83' lang='lat' dir='ltr'>singulis</span> <span class='ocrx_word' id='word_1_51' title='bbox 855 1329 1138 1392; x_wconf 89' lang='lat' dir='ltr'>vocibus</span> <span class='ocrx_word' id='word_1_52' title='bbox 1191 1327 1282 1392; x_wconf 91' lang='lat' dir='ltr'>ibi</span> <span class='ocrx_word' id='word_1_53' title='bbox 1335 1336 1445 1390; x_wconf 91' lang='lat' dir='ltr'>est</span> <span class='ocrx_word' id='word_1_54' title='bbox 1497 1331 1740 1389; x_wconf 82' lang='lat' dir='ltr'>sensus</span> <span class='ocrx_word' id='word_1_55' title='bbox 1793 1325 2161 1408; x_wconf 89' lang='lat' dir='ltr'>spiritualis</span> <span class='ocrx_word' id='word_1_56' title='bbox 2214 1326 2639 1408; x_wconf 83' lang='lat' dir='ltr'>conjungens</span> 
     </span>
     <span class='ocr_line' id='line_1_8' title="bbox 379 1421 2638 1504; baseline 0 -18"><span class='ocrx_word' id='word_1_57' title='bbox 379 1423 626 1487; x_wconf 89' lang='lat' dir='ltr'>caelos</span> <span class='ocrx_word' id='word_1_58' title='bbox 683 1443 837 1488; x_wconf 90' lang='lat' dir='ltr'>cum</span> <span class='ocrx_word' id='word_1_59' title='bbox 891 1424 1278 1488; x_wconf 86' lang='lat' dir='ltr'>hominibus</span> <span class='ocrx_word' id='word_1_60' title='bbox 1329 1421 1681 1487; x_wconf 88' lang='lat' dir='ltr'>ecclesiae.</span> <span class='ocrx_word' id='word_1_61' title='bbox 1793 1421 1974 1504; x_wconf 83' lang='lat' dir='ltr'>Quid</span> <span class='ocrx_word' id='word_1_62' title='bbox 2030 1423 2354 1487; x_wconf 87' lang='lat' dir='ltr'>historica</span> <span class='ocrx_word' id='word_1_63' title='bbox 2408 1422 2523 1486; x_wconf 87' lang='lat' dir='ltr'>illa</span> <span class='ocrx_word' id='word_1_64' title='bbox 2569 1423 2638 1486; x_wconf 88' lang='lat' dir='ltr'>in</span> 
     </span>
     <span class='ocr_line' id='line_1_9' title="bbox 379 1515 2637 1602; baseline -0.001 -22"><span class='ocrx_word' id='word_1_65' title='bbox 379 1539 598 1582; x_wconf 89' lang='lat' dir='ltr'>sensu</span> <span class='ocrx_word' id='word_1_66' title='bbox 639 1519 969 1602; x_wconf 82' lang='lat' dir='ltr'>spirituali</span> <span class='ocrx_word' id='word_1_67' title='bbox 1005 1519 1388 1592; x_wconf 88' lang='lat' dir='ltr'>involvunt,</span> <span class='ocrx_word' id='word_1_68' title='bbox 1411 1527 1501 1582; x_wconf 68' lang='lat' dir='ltr'>‘et</span> <span class='ocrx_word' id='word_1_69' title='bbox 1537 1517 1699 1601; x_wconf 91' lang='lat' dir='ltr'>quid</span> <span class='ocrx_word' id='word_1_70' title='bbox 1746 1519 2027 1581; x_wconf 88' lang='lat' dir='ltr'>nomina</span> <span class='ocrx_word' id='word_1_71' title='bbox 2062 1535 2501 1600; x_wconf 88' lang='lat' dir='ltr'>personarum</span> <span class='ocrx_word' id='word_1_72' title='bbox 2547 1515 2637 1578; x_wconf 89' lang='lat' dir='ltr'>ibi</span> 
     </span>
     <span class='ocr_line' id='line_1_10' title="bbox 381 1608 2641 1696; baseline -0 -22"><span class='ocrx_word' id='word_1_73' title='bbox 381 1611 808 1694; x_wconf 88' lang='lat' dir='ltr'>significant,</span> <span class='ocrx_word' id='word_1_74' title='bbox 860 1613 1284 1696; x_wconf 83' lang='lat' dir='ltr'>explicatum</span> <span class='ocrx_word' id='word_1_75' title='bbox 1338 1621 1446 1677; x_wconf 89' lang='lat' dir='ltr'>est</span> <span class='ocrx_word' id='word_1_76' title='bbox 1501 1612 1569 1675; x_wconf 89' lang='lat' dir='ltr'>in</span> <span class='ocrx_word' id='word_1_77' title='bbox 1616 1611 1920 1674; x_wconf 83' lang='lat' dir='ltr'>Arcanis</span> <span class='ocrx_word' id='word_1_78' title='bbox 1972 1609 2403 1676; x_wconf 82' lang='lat' dir='ltr'>Caelestibus.</span> <span class='ocrx_word' id='word_1_79' title='bbox 2513 1608 2641 1673; x_wconf 86' lang='lat' dir='ltr'>Per</span> 
     </span>
     <span class='ocr_line' id='line_1_11' title="bbox 383 1705 2636 1791; baseline -0.001 -21"><span class='ocrx_word' id='word_1_80' title='bbox 383 1705 796 1770; x_wconf 65' lang='lat' dir='ltr'>“Canium”</span> <span class='ocrx_word' id='word_1_81' title='bbox 840 1706 1308 1791; x_wconf 86' lang='lat' dir='ltr'>significantur</span> <span class='ocrx_word' id='word_1_82' title='bbox 1351 1707 1789 1790; x_wconf 83' lang='lat' dir='ltr'>cognitiones</span> <span class='ocrx_word' id='word_1_83' title='bbox 1833 1706 1975 1768; x_wconf 87' lang='lat' dir='ltr'>veri</span> <span class='ocrx_word' id='word_1_84' title='bbox 2028 1714 2100 1769; x_wconf 91' lang='lat' dir='ltr'>et</span> <span class='ocrx_word' id='word_1_85' title='bbox 2154 1705 2315 1769; x_wconf 90' lang='lat' dir='ltr'>boni</span> <span class='ocrx_word' id='word_1_86' title='bbox 2361 1725 2636 1788; x_wconf 89' lang='lat' dir='ltr'>separa·</span> 
     </span>
     <span class='ocr_line' id='line_1_12' title="bbox 381 1799 2641 1883; baseline -0.001 -19"><span class='ocrx_word' id='word_1_87' title='bbox 381 1811 504 1865; x_wconf 89' lang='lat' dir='ltr'>tae</span> <span class='ocrx_word' id='word_1_88' title='bbox 553 1823 596 1865; x_wconf 94' lang='lat' dir='ltr'>a</span> <span class='ocrx_word' id='word_1_89' title='bbox 641 1803 788 1865; x_wconf 89' lang='lat' dir='ltr'>vita</span> <span class='ocrx_word' id='word_1_90' title='bbox 831 1801 1202 1866; x_wconf 89' lang='lat' dir='ltr'>secundum</span> <span class='ocrx_word' id='word_1_91' title='bbox 1247 1801 1421 1878; x_wconf 87' lang='lat' dir='ltr'>illas,</span> <span class='ocrx_word' id='word_1_92' title='bbox 1469 1802 1568 1865; x_wconf 90' lang='lat' dir='ltr'>ita</span> <span class='ocrx_word' id='word_1_93' title='bbox 1612 1799 1703 1864; x_wconf 85' lang='lat' dir='ltr'>ab</span> <span class='ocrx_word' id='word_1_94' title='bbox 1746 1819 1977 1864; x_wconf 87' lang='lat' dir='ltr'>amore</span> <span class='ocrx_word' id='word_1_95' title='bbox 2023 1799 2347 1878; x_wconf 87' lang='lat' dir='ltr'>caelesti;</span> <span class='ocrx_word' id='word_1_96' title='bbox 2401 1808 2473 1863; x_wconf 89' lang='lat' dir='ltr'>et</span> <span class='ocrx_word' id='word_1_97' title='bbox 2520 1819 2641 1883; x_wconf 87' lang='lat' dir='ltr'>per</span> 
     </span>
     <span class='ocr_line' id='line_1_13' title="bbox 385 1894 2635 1979; baseline -0.001 -21"><span class='ocrx_word' id='word_1_98' title='bbox 385 1895 810 1960; x_wconf 81' lang='lat' dir='ltr'>“Abelem&#39;’</span> <span class='ocrx_word' id='word_1_99' title='bbox 867 1896 1290 1979; x_wconf 82' lang='lat' dir='ltr'>significatur</span> <span class='ocrx_word' id='word_1_100' title='bbox 1345 1915 1539 1960; x_wconf 89' lang='lat' dir='ltr'>amor</span> <span class='ocrx_word' id='word_1_101' title='bbox 1590 1895 1948 1959; x_wconf 88' lang='lat' dir='ltr'>caelestis:</span> <span class='ocrx_word' id='word_1_102' title='bbox 2020 1913 2139 1958; x_wconf 90' lang='lat' dir='ltr'>seu</span> <span class='ocrx_word' id='word_1_103' title='bbox 2198 1895 2380 1977; x_wconf 89' lang='lat' dir='ltr'>quod</span> <span class='ocrx_word' id='word_1_104' title='bbox 2435 1894 2635 1969; x_wconf 91' lang='lat' dir='ltr'>idem,</span> 
     </span>
     <span class='ocr_line' id='line_1_14' title="bbox 381 1988 2642 2074; baseline -0 -21"><span class='ocrx_word' id='word_1_105' title='bbox 381 2009 510 2072; x_wconf 89' lang='lat' dir='ltr'>per</span> <span class='ocrx_word' id='word_1_106' title='bbox 549 1995 592 2024; x_wconf 87' lang='lat'>“</span> <span class='ocrx_word' id='word_1_107' title='bbox 613 1989 947 2054; x_wconf 89' lang='lat' dir='ltr'>Cainum”</span> <span class='ocrx_word' id='word_1_108' title='bbox 973 1989 1392 2074; x_wconf 86' lang='lat' dir='ltr'>significatur</span> <span class='ocrx_word' id='word_1_109' title='bbox 1422 2009 1658 2054; x_wconf 89' lang='lat' dir='ltr'>verum</span> <span class='ocrx_word' id='word_1_110' title='bbox 1690 1999 2080 2072; x_wconf 88' lang='lat' dir='ltr'>separatum</span> <span class='ocrx_word' id='word_1_111' title='bbox 2113 2009 2153 2052; x_wconf 88' lang='lat' dir='ltr'>a</span> <span class='ocrx_word' id='word_1_112' title='bbox 2184 1988 2388 2064; x_wconf 81' lang='lat' dir='ltr'>bone,</span> <span class='ocrx_word' id='word_1_113' title='bbox 2415 1998 2488 2052; x_wconf 89' lang='lat' dir='ltr'>et</span> <span class='ocrx_word' id='word_1_114' title='bbox 2522 2009 2642 2072; x_wconf 90' lang='lat' dir='ltr'>per</span> 
     </span>
     <span class='ocr_line' id='line_1_15' title="bbox 385 2081 2640 2167; baseline 0.001 -21"><span class='ocrx_word' id='word_1_115' title='bbox 385 2082 809 2147; x_wconf 84' lang='lat' dir='ltr'>“Abelem&#39;&#39;</span> <span class='ocrx_word' id='word_1_116' title='bbox 852 2085 1106 2148; x_wconf 88' lang='lat' dir='ltr'>bonum</span> <span class='ocrx_word' id='word_1_117' title='bbox 1155 2081 1590 2167; x_wconf 69' lang='lat' dir='ltr'>conjunctum</span> <span class='ocrx_word' id='word_1_118' title='bbox 1637 2105 1821 2148; x_wconf 89' lang='lat' dir='ltr'>ver0.</span> <span class='ocrx_word' id='word_1_119' title='bbox 1911 2083 2005 2146; x_wconf 91' lang='lat' dir='ltr'>Et</span> <span class='ocrx_word' id='word_1_120' title='bbox 2052 2083 2208 2166; x_wconf 88' lang='lat' dir='ltr'>quia</span> <span class='ocrx_word' id='word_1_121' title='bbox 2251 2103 2485 2146; x_wconf 85' lang='lat' dir='ltr'>verum</span> <span class='ocrx_word' id='word_1_122' title='bbox 2531 2095 2640 2148; x_wconf 91' lang='lat' dir='ltr'>est</span> 
     </span>
     <span class='ocr_line' id='line_1_16' title="bbox 381 2177 2637 2260; baseline 0.001 -20"><span class='ocrx_word' id='word_1_123' title='bbox 381 2178 688 2260; x_wconf 85' lang='lat' dir='ltr'>primum</span> <span class='ocrx_word' id='word_1_124' title='bbox 727 2178 1081 2254; x_wconf 89' lang='lat' dir='ltr'>ecclesiae,</span> <span class='ocrx_word' id='word_1_125' title='bbox 1118 2198 1276 2242; x_wconf 88' lang='lat' dir='ltr'>nam</span> <span class='ocrx_word' id='word_1_126' title='bbox 1322 2180 1544 2243; x_wconf 89' lang='lat' dir='ltr'>omnis</span> <span class='ocrx_word' id='word_1_127' title='bbox 1590 2177 1884 2243; x_wconf 89' lang='lat' dir='ltr'>ecclesia</span> <span class='ocrx_word' id='word_1_128' title='bbox 1927 2179 2258 2241; x_wconf 88' lang='lat' dir='ltr'>formatur</span> <span class='ocrx_word' id='word_1_129' title='bbox 2302 2199 2422 2259; x_wconf 89' lang='lat' dir='ltr'>per</span> <span class='ocrx_word' id='word_1_130' title='bbox 2454 2199 2637 2254; x_wconf 90' lang='lat' dir='ltr'>vera,</span> 
     </span>
     <span class='ocr_line' id='line_1_17' title="bbox 381 2272 2641 2356; baseline 0 -20"><span class='ocrx_word' id='word_1_131' title='bbox 381 2293 426 2336; x_wconf 89' lang='lat' dir='ltr'>a</span> <span class='ocrx_word' id='word_1_132' title='bbox 477 2273 668 2335; x_wconf 86' lang='lat' dir='ltr'>veris</span> <span class='ocrx_word' id='word_1_133' title='bbox 720 2274 924 2348; x_wconf 88' lang='lat' dir='ltr'>enim,</span> <span class='ocrx_word' id='word_1_134' title='bbox 973 2293 1091 2337; x_wconf 88' lang='lat' dir='ltr'>seu</span> <span class='ocrx_word' id='word_1_135' title='bbox 1145 2294 1186 2338; x_wconf 89' lang='lat' dir='ltr'>a</span> <span class='ocrx_word' id='word_1_136' title='bbox 1238 2273 1750 2356; x_wconf 85' lang='lat' dir='ltr'>cognitionibus</span> <span class='ocrx_word' id='word_1_137' title='bbox 1802 2273 1943 2336; x_wconf 88' lang='lat' dir='ltr'>veri</span> <span class='ocrx_word' id='word_1_138' title='bbox 2004 2282 2077 2336; x_wconf 91' lang='lat' dir='ltr'>et</span> <span class='ocrx_word' id='word_1_139' title='bbox 2138 2272 2295 2336; x_wconf 90' lang='lat' dir='ltr'>boni</span> <span class='ocrx_word' id='word_1_140' title='bbox 2358 2272 2641 2337; x_wconf 87' lang='lat' dir='ltr'>incohat</span> 
     </span>
     <span class='ocr_line' id='line_1_18' title="bbox 381 2367 2638 2452; baseline 0.001 -24"><span class='ocrx_word' id='word_1_141' title='bbox 381 2367 618 2430; x_wconf 86' lang='lat' dir='ltr'>omnis</span> <span class='ocrx_word' id='word_1_142' title='bbox 673 2367 983 2443; x_wconf 86' lang='lat' dir='ltr'>ecclesia,</span> <span class='ocrx_word' id='word_1_143' title='bbox 1032 2367 1187 2432; x_wconf 90' lang='lat' dir='ltr'>ideo</span> <span class='ocrx_word' id='word_1_144' title='bbox 1239 2368 1360 2432; x_wconf 87' lang='lat' dir='ltr'>fuit</span> <span class='ocrx_word' id='word_1_145' title='bbox 1417 2367 1668 2432; x_wconf 89' lang='lat' dir='ltr'>Cainus</span> <span class='ocrx_word' id='word_1_146' title='bbox 1722 2368 2239 2452; x_wconf 83' lang='lat' dir='ltr'>primogenitus,</span> <span class='ocrx_word' id='word_1_147' title='bbox 2296 2377 2366 2431; x_wconf 90' lang='lat' dir='ltr'>et</span> <span class='ocrx_word' id='word_1_148' title='bbox 2420 2369 2638 2430; x_wconf 86' lang='lat' dir='ltr'>nomi-</span> 
     </span>
     <span class='ocr_line' id='line_1_19' title="bbox 382 2461 2641 2545; baseline 0.001 -22"><span class='ocrx_word' id='word_1_149' title='bbox 382 2470 601 2524; x_wconf 88' lang='lat' dir='ltr'>natus</span> <span class='ocrx_word' id='word_1_150' title='bbox 654 2472 761 2525; x_wconf 90' lang='lat' dir='ltr'>est</span> <span class='ocrx_word' id='word_1_151' title='bbox 813 2463 971 2526; x_wconf 87' lang='lat' dir='ltr'>“vir</span> <span class='ocrx_word' id='word_1_152' title='bbox 1017 2462 1400 2544; x_wconf 87' lang='lat' dir='ltr'>Jehovae;”</span> <span class='ocrx_word' id='word_1_153' title='bbox 1458 2482 1580 2545; x_wconf 90' lang='lat' dir='ltr'>per</span> <span class='ocrx_word' id='word_1_154' title='bbox 1628 2465 1901 2525; x_wconf 91' lang='lat' dir='ltr'>“virum</span> <span class='ocrx_word' id='word_1_155' title='bbox 1918 2461 1949 2486; x_wconf 79' lang='lat'>’⁹</span> <span class='ocrx_word' id='word_1_156' title='bbox 2002 2463 2183 2525; x_wconf 89' lang='lat' dir='ltr'>enim</span> <span class='ocrx_word' id='word_1_157' title='bbox 2234 2462 2641 2544; x_wconf 86' lang='lat' dir='ltr'>“Jehovae”</span> 
     </span>
     <span class='ocr_line' id='line_1_20' title="bbox 383 2555 2641 2640; baseline 0.001 -22"><span class='ocrx_word' id='word_1_158' title='bbox 383 2557 456 2618; x_wconf 87' lang='lat' dir='ltr'>in</span> <span class='ocrx_word' id='word_1_159' title='bbox 516 2555 758 2619; x_wconf 90' lang='lat' dir='ltr'>Verbo</span> <span class='ocrx_word' id='word_1_160' title='bbox 811 2555 1232 2640; x_wconf 83' lang='lat' dir='ltr'>significatur</span> <span class='ocrx_word' id='word_1_161' title='bbox 1283 2577 1516 2621; x_wconf 89' lang='lat' dir='ltr'>verum</span> <span class='ocrx_word' id='word_1_162' title='bbox 1577 2555 1751 2621; x_wconf 90' lang='lat' dir='ltr'>caeli</span> <span class='ocrx_word' id='word_1_163' title='bbox 1811 2566 1883 2622; x_wconf 90' lang='lat' dir='ltr'>et</span> <span class='ocrx_word' id='word_1_164' title='bbox 1944 2556 2317 2636; x_wconf 81' lang='lat' dir='ltr'>ecclesiae3</span> <span class='ocrx_word' id='word_1_165' title='bbox 2385 2576 2464 2621; x_wconf 90' lang='lat' dir='ltr'>ac</span> <span class='ocrx_word' id='word_1_166' title='bbox 2520 2579 2641 2640; x_wconf 88' lang='lat' dir='ltr'>per</span> 
     </span>
     <span class='ocr_line' id='line_1_21' title="bbox 387 2649 2637 2736; baseline 0.002 -24"><span class='ocrx_word' id='word_1_167' title='bbox 387 2649 800 2727; x_wconf 84' lang='lat' dir='ltr'>“humum,”</span> <span class='ocrx_word' id='word_1_168' title='bbox 843 2671 1046 2734; x_wconf 90' lang='lat' dir='ltr'>quam</span> <span class='ocrx_word' id='word_1_169' title='bbox 1093 2652 1304 2716; x_wconf 88' lang='lat' dir='ltr'>coluit</span> <span class='ocrx_word' id='word_1_170' title='bbox 1354 2650 1542 2727; x_wconf 88' lang='lat' dir='ltr'>Cain,</span> <span class='ocrx_word' id='word_1_171' title='bbox 1591 2650 2013 2734; x_wconf 85' lang='lat' dir='ltr'>significatur</span> <span class='ocrx_word' id='word_1_172' title='bbox 2058 2651 2386 2716; x_wconf 87' lang='lat' dir='ltr'>ecclesia:</span> <span class='ocrx_word' id='word_1_173' title='bbox 2440 2673 2637 2736; x_wconf 89' lang='lat' dir='ltr'>sepa-</span> 
     </span>
     <span class='ocr_line' id='line_1_22' title="bbox 383 2744 2640 2829; baseline 0.002 -23"><span class='ocrx_word' id='word_1_174' title='bbox 383 2745 576 2808; x_wconf 87' lang='lat' dir='ltr'>ratio</span> <span class='ocrx_word' id='word_1_175' title='bbox 609 2746 749 2808; x_wconf 89' lang='lat' dir='ltr'>veri</span> <span class='ocrx_word' id='word_1_176' title='bbox 780 2766 821 2809; x_wconf 85' lang='lat' dir='ltr'>a</span> <span class='ocrx_word' id='word_1_177' title='bbox 853 2746 1036 2809; x_wconf 88' lang='lat' dir='ltr'>bono</span> <span class='ocrx_word' id='word_1_178' title='bbox 1067 2746 1486 2829; x_wconf 86' lang='lat' dir='ltr'>significatur</span> <span class='ocrx_word' id='word_1_179' title='bbox 1517 2767 1638 2829; x_wconf 90' lang='lat' dir='ltr'>per</span> <span class='ocrx_word' id='word_1_180' title='bbox 1667 2753 1965 2810; x_wconf 83' lang='lat' dir='ltr'>“necem</span> <span class='ocrx_word' id='word_1_181' title='bbox 2000 2744 2243 2809; x_wconf 89' lang='lat' dir='ltr'>Abelis</span> <span class='ocrx_word' id='word_1_182' title='bbox 2274 2767 2315 2810; x_wconf 85' lang='lat' dir='ltr'>a</span> <span class='ocrx_word' id='word_1_183' title='bbox 2347 2746 2562 2812; x_wconf 90' lang='lat' dir='ltr'>Caino</span> <span class='ocrx_word' id='word_1_184' title='bbox 2587 2747 2640 2828; x_wconf 89' lang='grc'>;”</span> 
     </span>
     <span class='ocr_line' id='line_1_23' title="bbox 383 2838 2638 2926; baseline 0.003 -26"><span class='ocrx_word' id='word_1_185' title='bbox 383 2857 554 2902; x_wconf 89' lang='lat' dir='ltr'>nam</span> <span class='ocrx_word' id='word_1_186' title='bbox 613 2838 774 2902; x_wconf 91' lang='lat' dir='ltr'>dum</span> <span class='ocrx_word' id='word_1_187' title='bbox 820 2859 1023 2904; x_wconf 90' lang='lat' dir='ltr'>omne</span> <span class='ocrx_word' id='word_1_188' title='bbox 1069 2840 1402 2905; x_wconf 87' lang='lat' dir='ltr'>ecclesiae</span> <span class='ocrx_word' id='word_1_189' title='bbox 1449 2843 1724 2926; x_wconf 90' lang='lat' dir='ltr'>ponitur</span> <span class='ocrx_word' id='word_1_190' title='bbox 1770 2842 1837 2904; x_wconf 90' lang='lat' dir='ltr'>in</span> <span class='ocrx_word' id='word_1_191' title='bbox 1884 2842 2062 2904; x_wconf 87' lang='lat' dir='ltr'>veris</span> <span class='ocrx_word' id='word_1_192' title='bbox 2114 2852 2232 2905; x_wconf 90' lang='lat' dir='ltr'>aut</span> <span class='ocrx_word' id='word_1_193' title='bbox 2286 2843 2353 2906; x_wconf 92' lang='lat' dir='ltr'>in</span> <span class='ocrx_word' id='word_1_194' title='bbox 2400 2843 2638 2924; x_wconf 87' lang='lat' dir='ltr'>cogni·</span> 
     </span>
     <span class='ocr_line' id='line_1_24' title="bbox 382 2933 2639 3010; baseline 0.002 -15"><span class='ocrx_word' id='word_1_195' title='bbox 382 2933 718 3010; x_wconf 87' lang='lat' dir='ltr'>tionibus,</span> <span class='ocrx_word' id='word_1_196' title='bbox 741 2943 812 2998; x_wconf 92' lang='lat' dir='ltr'>et</span> <span class='ocrx_word' id='word_1_197' title='bbox 844 2955 981 2997; x_wconf 89' lang='lat' dir='ltr'>non</span> <span class='ocrx_word' id='word_1_198' title='bbox 1013 2935 1081 2998; x_wconf 91' lang='lat' dir='ltr'>in</span> <span class='ocrx_word' id='word_1_199' title='bbox 1113 2935 1310 2999; x_wconf 89' lang='lat' dir='ltr'>bonis</span> <span class='ocrx_word' id='word_1_200' title='bbox 1340 2945 1459 2998; x_wconf 89' lang='lat' dir='ltr'>aut</span> <span class='ocrx_word' id='word_1_201' title='bbox 1493 2936 1560 2999; x_wconf 91' lang='lat' dir='ltr'>in</span> <span class='ocrx_word' id='word_1_202' title='bbox 1592 2933 2061 3000; x_wconf 65' lang='lat' dir='ltr'>affectionibus</span> <span class='ocrx_word' id='word_1_203' title='bbox 2092 2935 2363 3000; x_wconf 89' lang='lat' dir='ltr'>vivendi</span> <span class='ocrx_word' id='word_1_204' title='bbox 2396 2956 2639 3001; x_wconf 87' lang='lat' dir='ltr'>secun-</span> 
     </span>
     <span class='ocr_line' id='line_1_25' title="bbox 382 3028 2636 3114; baseline 0.003 -24"><span class='ocrx_word' id='word_1_205' title='bbox 382 3028 554 3091; x_wconf 89' lang='lat' dir='ltr'>dum</span> <span class='ocrx_word' id='word_1_206' title='bbox 603 3049 786 3106; x_wconf 86' lang='lat' dir='ltr'>vera,</span> <span class='ocrx_word' id='word_1_207' title='bbox 835 3038 998 3094; x_wconf 89' lang='lat' dir='ltr'>tunc</span> <span class='ocrx_word' id='word_1_208' title='bbox 1045 3031 1300 3094; x_wconf 89' lang='lat' dir='ltr'>bonum</span> <span class='ocrx_word' id='word_1_209' title='bbox 1354 3051 1507 3095; x_wconf 90' lang='lat' dir='ltr'>cum</span> <span class='ocrx_word' id='word_1_210' title='bbox 1560 3030 1701 3114; x_wconf 88' lang='lat' dir='ltr'>ejus</span> <span class='ocrx_word' id='word_1_211' title='bbox 1750 3029 2218 3096; x_wconf 62' lang='lat' dir='ltr'>affectionibus</span> <span class='ocrx_word' id='word_1_212' title='bbox 2265 3033 2636 3097; x_wconf 86' lang='lat' dir='ltr'>occiditur:</span> 
     </span>
     <span class='ocr_line' id='line_1_26' title="bbox 380 3123 2640 3211; baseline 0.003 -25"><span class='ocrx_word' id='word_1_213' title='bbox 380 3131 460 3187; x_wconf 90' lang='lat' dir='ltr'>et</span> <span class='ocrx_word' id='word_1_214' title='bbox 517 3123 678 3207; x_wconf 84' lang='lat' dir='ltr'>quia</span> <span class='ocrx_word' id='word_1_215' title='bbox 731 3143 934 3189; x_wconf 89' lang='lat' dir='ltr'>omne</span> <span class='ocrx_word' id='word_1_216' title='bbox 985 3125 1316 3190; x_wconf 89' lang='lat' dir='ltr'>ecclesiae</span> <span class='ocrx_word' id='word_1_217' title='bbox 1363 3127 1537 3210; x_wconf 87' lang='lat' dir='ltr'>perit</span> <span class='ocrx_word' id='word_1_218' title='bbox 1592 3129 1869 3210; x_wconf 87' lang='lat' dir='ltr'>quando</span> <span class='ocrx_word' id='word_1_219' title='bbox 1913 3148 2147 3192; x_wconf 89' lang='lat' dir='ltr'>verum</span> <span class='ocrx_word' id='word_1_220' title='bbox 2195 3137 2550 3211; x_wconf 86' lang='lat' dir='ltr'>separatur</span> <span class='ocrx_word' id='word_1_221' title='bbox 2598 3149 2640 3192; x_wconf 91' lang='lat' dir='ltr'>a</span> 
     </span>
     <span class='ocr_line' id='line_1_27' title="bbox 381 3218 2638 3307; baseline 0.003 -27"><span class='ocrx_word' id='word_1_222' title='bbox 381 3219 602 3294; x_wconf 91' lang='lat' dir='ltr'>bono,</span> <span class='ocrx_word' id='word_1_223' title='bbox 651 3218 806 3282; x_wconf 92' lang='lat' dir='ltr'>ideo</span> <span class='ocrx_word' id='word_1_224' title='bbox 854 3219 1165 3283; x_wconf 84' lang='lat' dir='ltr'>“Cainus</span> <span class='ocrx_word' id='word_1_225' title='bbox 1212 3219 1463 3303; x_wconf 62' lang='lat' dir='ltr'>ejectus</span> <span class='ocrx_word' id='word_1_226' title='bbox 1509 3231 1617 3287; x_wconf 88' lang='lat' dir='ltr'>est</span> <span class='ocrx_word' id='word_1_227' title='bbox 1673 3243 1764 3286; x_wconf 89' lang='lat' dir='ltr'>ex</span> <span class='ocrx_word' id='word_1_228' title='bbox 1810 3223 2080 3298; x_wconf 90' lang='lat' dir='ltr'>hum0,”</span> <span class='ocrx_word' id='word_1_229' title='bbox 2127 3245 2246 3306; x_wconf 88' lang='lat' dir='ltr'>per</span> <span class='ocrx_word' id='word_1_230' title='bbox 2289 3243 2514 3307; x_wconf 89' lang='lat' dir='ltr'>quam,</span> <span class='ocrx_word' id='word_1_231' title='bbox 2562 3234 2638 3288; x_wconf 92' lang='lat' dir='ltr'>ut</span> 
     </span>
     <span class='ocr_line' id='line_1_28' title="bbox 381 3309 2638 3401; baseline 0.003 -26"><span class='ocrx_word' id='word_1_232' title='bbox 381 3309 652 3376; x_wconf 67' lang='lat' dir='ltr'>dictum</span> <span class='ocrx_word' id='word_1_233' title='bbox 688 3322 818 3389; x_wconf 88' lang='lat' dir='ltr'>est,</span> <span class='ocrx_word' id='word_1_234' title='bbox 853 3313 1274 3395; x_wconf 87' lang='lat' dir='ltr'>significatur</span> <span class='ocrx_word' id='word_1_235' title='bbox 1302 3316 1614 3381; x_wconf 88' lang='lat' dir='ltr'>ecclesia.</span> <span class='ocrx_word' id='word_1_236' title='bbox 1710 3317 1813 3382; x_wconf 93' lang='lat' dir='ltr'>At</span> <span class='ocrx_word' id='word_1_237' title='bbox 1845 3319 2001 3401; x_wconf 91' lang='lat' dir='ltr'>quia</span> <span class='ocrx_word' id='word_1_238' title='bbox 2033 3339 2195 3382; x_wconf 88' lang='lat' dir='ltr'>vera</span> <span class='ocrx_word' id='word_1_239' title='bbox 2232 3327 2389 3382; x_wconf 91' lang='lat' dir='ltr'>sunt</span> <span class='ocrx_word' id='word_1_240' title='bbox 2423 3319 2638 3401; x_wconf 89' lang='lat' dir='ltr'>prima</span> 
     </span>
     <span class='ocr_line' id='line_1_29' title="bbox 380 3404 2635 3495; baseline 0.003 -25"><span class='ocrx_word' id='word_1_241' title='bbox 380 3404 748 3481; x_wconf 88' lang='lat' dir='ltr'>ecclesiae,</span> <span class='ocrx_word' id='word_1_242' title='bbox 799 3427 958 3472; x_wconf 90' lang='lat' dir='ltr'>nam</span> <span class='ocrx_word' id='word_1_243' title='bbox 1002 3429 1165 3473; x_wconf 89' lang='lat' dir='ltr'>vera</span> <span class='ocrx_word' id='word_1_244' title='bbox 1210 3408 1558 3476; x_wconf 89' lang='lat' dir='ltr'>docebunt</span> <span class='ocrx_word' id='word_1_245' title='bbox 1605 3413 1843 3488; x_wconf 88' lang='lat' dir='ltr'>vitam,</span> <span class='ocrx_word' id='word_1_246' title='bbox 1901 3412 2058 3476; x_wconf 89' lang='lat' dir='ltr'>ideo</span> <span class='ocrx_word' id='word_1_247' title='bbox 2117 3414 2469 3495; x_wconf 89' lang='lat' dir='ltr'>“positum</span> <span class='ocrx_word' id='word_1_248' title='bbox 2528 3423 2635 3477; x_wconf 89' lang='lat' dir='ltr'>est</span> 
     </span>
     <span class='ocr_line' id='line_1_30' title="bbox 381 3502 2633 3590; baseline 0.003 -26"><span class='ocrx_word' id='word_1_249' title='bbox 381 3502 668 3584; x_wconf 86' lang='lat' dir='ltr'>signum</span> <span class='ocrx_word' id='word_1_250' title='bbox 713 3503 782 3565; x_wconf 89' lang='lat' dir='ltr'>in</span> <span class='ocrx_word' id='word_1_251' title='bbox 828 3502 1064 3581; x_wconf 88' lang='lat' dir='ltr'>Cain0,</span> <span class='ocrx_word' id='word_1_252' title='bbox 1113 3524 1200 3569; x_wconf 92' lang='lat' dir='ltr'>ne</span> <span class='ocrx_word' id='word_1_253' title='bbox 1251 3507 1399 3590; x_wconf 88' lang='lat' dir='ltr'>quis</span> <span class='ocrx_word' id='word_1_254' title='bbox 1453 3506 1644 3571; x_wconf 88' lang='lat' dir='ltr'>illum</span> <span class='ocrx_word' id='word_1_255' title='bbox 1701 3508 2046 3572; x_wconf 86' lang='lat' dir='ltr'>occideret</span> <span class='ocrx_word' id='word_1_256' title='bbox 2077 3507 2130 3585; x_wconf 86' lang='lat'>;”</span> <span class='ocrx_word' id='word_1_257' title='bbox 2176 3517 2246 3571; x_wconf 90' lang='lat' dir='ltr'>et</span> <span class='ocrx_word' id='word_1_258' title='bbox 2294 3516 2633 3571; x_wconf 86' lang='lat' dir='ltr'>statutum</span> 
     </span>
     <span class='ocr_line' id='line_1_31' title="bbox 383 3598 2637 3686; baseline 0.003 -26"><span class='ocrx_word' id='word_1_259' title='bbox 383 3606 502 3660; x_wconf 88' lang='lat' dir='ltr'>est</span> <span class='ocrx_word' id='word_1_260' title='bbox 528 3601 570 3629; x_wconf 79' lang='lat'>‘⁴</span> <span class='ocrx_word' id='word_1_261' title='bbox 589 3606 664 3660; x_wconf 92' lang='lat' dir='ltr'>ut</span> <span class='ocrx_word' id='word_1_262' title='bbox 686 3598 1228 3681; x_wconf 85' lang='lat' dir='ltr'>septempliciter</span> <span class='ocrx_word' id='word_1_263' title='bbox 1245 3601 1721 3678; x_wconf 85' lang='lat' dir='ltr'>vindicaretur,</span> <span class='ocrx_word' id='word_1_264' title='bbox 1752 3603 1807 3666; x_wconf 91' lang='lat' dir='ltr'>si</span> <span class='ocrx_word' id='word_1_265' title='bbox 1834 3603 1981 3686; x_wconf 90' lang='lat' dir='ltr'>quis</span> <span class='ocrx_word' id='word_1_266' title='bbox 2014 3602 2202 3666; x_wconf 91' lang='lat' dir='ltr'>illum</span> <span class='ocrx_word' id='word_1_267' title='bbox 2236 3601 2637 3666; x_wconf 88' lang='lat' dir='ltr'>occideret.”</span> 
     </span>
     <span class='ocr_line' id='line_1_32' title="bbox 385 3691 2636 3778; baseline 0.003 -23"><span class='ocrx_word' id='word_1_268' title='bbox 385 3691 490 3755; x_wconf 92' lang='lat' dir='ltr'>Et</span> <span class='ocrx_word' id='word_1_269' title='bbox 524 3692 684 3775; x_wconf 89' lang='lat' dir='ltr'>quia</span> <span class='ocrx_word' id='word_1_270' title='bbox 714 3713 946 3756; x_wconf 87' lang='lat' dir='ltr'>verum</span> <span class='ocrx_word' id='word_1_271' title='bbox 978 3695 1234 3778; x_wconf 89' lang='lat' dir='ltr'>absque</span> <span class='ocrx_word' id='word_1_272' title='bbox 1265 3697 1451 3761; x_wconf 87' lang='lat' dir='ltr'>bono</span> <span class='ocrx_word' id='word_1_273' title='bbox 1486 3697 1697 3762; x_wconf 87' lang='lat' dir='ltr'>fertur</span> <span class='ocrx_word' id='word_1_274' title='bbox 1726 3698 1857 3762; x_wconf 89' lang='lat' dir='ltr'>huc</span> <span class='ocrx_word' id='word_1_275' title='bbox 1897 3698 2077 3772; x_wconf 89' lang='lat' dir='ltr'>illuc,</span> <span class='ocrx_word' id='word_1_276' title='bbox 2114 3697 2277 3760; x_wconf 88' lang='lat' dir='ltr'>nihil</span> <span class='ocrx_word' id='word_1_277' title='bbox 2316 3699 2496 3761; x_wconf 90' lang='lat' dir='ltr'>enim</span> <span class='ocrx_word' id='word_1_278' title='bbox 2528 3707 2636 3762; x_wconf 89' lang='lat' dir='ltr'>est</span> 
     </span>
     <span class='ocr_line' id='line_1_33' title="bbox 382 3785 2637 3871; baseline 0.004 -24"><span class='ocrx_word' id='word_1_279' title='bbox 382 3785 578 3870; x_wconf 90' lang='lat' dir='ltr'>quod</span> <span class='ocrx_word' id='word_1_280' title='bbox 617 3787 827 3861; x_wconf 89' lang='lat' dir='ltr'>ducit,</span> <span class='ocrx_word' id='word_1_281' title='bbox 862 3808 1068 3871; x_wconf 88' lang='lat' dir='ltr'>quare</span> <span class='ocrx_word' id='word_1_282' title='bbox 1100 3792 1482 3855; x_wconf 88' lang='lat' dir='ltr'>successive</span> <span class='ocrx_word' id='word_1_283' title='bbox 1515 3791 1766 3857; x_wconf 86' lang='lat' dir='ltr'>labitur</span> <span class='ocrx_word' id='word_1_284' title='bbox 1798 3793 1865 3856; x_wconf 88' lang='lat' dir='ltr'>in</span> <span class='ocrx_word' id='word_1_285' title='bbox 1904 3792 2094 3868; x_wconf 86' lang='lat' dir='ltr'>falsa,</span> <span class='ocrx_word' id='word_1_286' title='bbox 2130 3801 2201 3856; x_wconf 90' lang='lat' dir='ltr'>et</span> <span class='ocrx_word' id='word_1_287' title='bbox 2240 3792 2562 3857; x_wconf 86' lang='lat' dir='ltr'>dilabitur</span> <span class='ocrx_word' id='word_1_288' title='bbox 2595 3815 2637 3857; x_wconf 90' lang='lat' dir='ltr'>a</span> 
     </span>
     <span class='ocr_line' id='line_1_34' title="bbox 379 3881 2634 3970; baseline 0.004 -25"><span class='ocrx_word' id='word_1_289' title='bbox 379 3883 502 3946; x_wconf 89' lang='lat' dir='ltr'>via</span> <span class='ocrx_word' id='word_1_290' title='bbox 547 3899 721 3965; x_wconf 90' lang='lat' dir='ltr'>quae</span> <span class='ocrx_word' id='word_1_291' title='bbox 768 3881 955 3947; x_wconf 92' lang='lat' dir='ltr'>ducit</span> <span class='ocrx_word' id='word_1_292' title='bbox 999 3883 1087 3947; x_wconf 90' lang='lat' dir='ltr'>ad</span> <span class='ocrx_word' id='word_1_293' title='bbox 1135 3884 1424 3962; x_wconf 88' lang='lat' dir='ltr'>caelum,</span> <span class='ocrx_word' id='word_1_294' title='bbox 1467 3887 1622 3950; x_wconf 91' lang='lat' dir='ltr'>ideo</span> <span class='ocrx_word' id='word_1_295' title='bbox 1662 3886 1893 3952; x_wconf 89' lang='lat' dir='ltr'>“Cain</span> <span class='ocrx_word' id='word_1_296' title='bbox 1943 3886 2197 3970; x_wconf 65' lang='lat' dir='ltr'>ejectus</span> <span class='ocrx_word' id='word_1_297' title='bbox 2245 3897 2352 3953; x_wconf 88' lang='lat' dir='ltr'>est</span> <span class='ocrx_word' id='word_1_298' title='bbox 2389 3909 2430 3952; x_wconf 90' lang='lat' dir='ltr'>a</span> <span class='ocrx_word' id='word_1_299' title='bbox 2464 3887 2634 3953; x_wconf 84' lang='lat' dir='ltr'>facie</span> 
     </span>
     <span class='ocr_line' id='line_1_35' title="bbox 377 3973 2634 4066; baseline 0.004 -26"><span class='ocrx_word' id='word_1_300' title='bbox 377 3975 719 4058; x_wconf 88' lang='lat' dir='ltr'>Jehovae,</span> <span class='ocrx_word' id='word_1_301' title='bbox 767 3985 840 4040; x_wconf 89' lang='lat' dir='ltr'>et</span> <span class='ocrx_word' id='word_1_302' title='bbox 895 3973 1114 4041; x_wconf 69' lang='lat' dir='ltr'>faetus</span> <span class='ocrx_word' id='word_1_303' title='bbox 1155 4000 1371 4062; x_wconf 84' lang='lat' dir='ltr'>vagus</span> <span class='ocrx_word' id='word_1_304' title='bbox 1416 3991 1489 4046; x_wconf 90' lang='lat' dir='ltr'>et</span> <span class='ocrx_word' id='word_1_305' title='bbox 1535 3981 1917 4066; x_wconf 84' lang='lat' dir='ltr'>profugus.’‘</span> <span class='ocrx_word' id='word_1_306' title='bbox 2030 3983 2263 4048; x_wconf 87' lang='lat' dir='ltr'>Simile</span> <span class='ocrx_word' id='word_1_307' title='bbox 2318 3991 2427 4047; x_wconf 90' lang='lat' dir='ltr'>est</span> <span class='ocrx_word' id='word_1_308' title='bbox 2480 4003 2634 4048; x_wconf 88' lang='lat' dir='ltr'>cum</span> 
     </span>
     <span class='ocr_line' id='line_1_36' title="bbox 381 4071 2631 4159; baseline 0.004 -26"><span class='ocrx_word' id='word_1_309' title='bbox 381 4071 522 4134; x_wconf 87' lang='lat' dir='ltr'>fide</span> <span class='ocrx_word' id='word_1_310' title='bbox 561 4080 632 4134; x_wconf 91' lang='lat' dir='ltr'>et</span> <span class='ocrx_word' id='word_1_311' title='bbox 673 4071 1033 4150; x_wconf 88' lang='lat' dir='ltr'>charitate,</span> <span class='ocrx_word' id='word_1_312' title='bbox 1074 4075 1230 4156; x_wconf 89' lang='lat' dir='ltr'>quia</span> <span class='ocrx_word' id='word_1_313' title='bbox 1268 4074 1434 4140; x_wconf 86' lang='lat' dir='ltr'>fides</span> <span class='ocrx_word' id='word_1_314' title='bbox 1473 4087 1579 4142; x_wconf 91' lang='lat' dir='ltr'>est</span> <span class='ocrx_word' id='word_1_315' title='bbox 1613 4079 1777 4154; x_wconf 89' lang='lat' dir='ltr'>veri,</span> <span class='ocrx_word' id='word_1_316' title='bbox 1820 4088 1891 4144; x_wconf 86' lang='lat' dir='ltr'>et</span> <span class='ocrx_word' id='word_1_317' title='bbox 1939 4080 2239 4144; x_wconf 88' lang='lat' dir='ltr'>charitas</span> <span class='ocrx_word' id='word_1_318' title='bbox 2286 4088 2392 4145; x_wconf 90' lang='lat' dir='ltr'>est</span> <span class='ocrx_word' id='word_1_319' title='bbox 2430 4079 2631 4159; x_wconf 88' lang='lat' dir='ltr'>boni;</span> 
     </span>
     <span class='ocr_line' id='line_1_37' title="bbox 378 4163 2634 4259; baseline 0.004 -28"><span class='ocrx_word' id='word_1_320' title='bbox 378 4167 487 4231; x_wconf 91' lang='lat' dir='ltr'>ita</span> <span class='ocrx_word' id='word_1_321' title='bbox 526 4185 683 4230; x_wconf 90' lang='lat' dir='ltr'>cum</span> <span class='ocrx_word' id='word_1_322' title='bbox 716 4163 850 4231; x_wconf 86' lang='lat' dir='ltr'>fide</span> <span class='ocrx_word' id='word_1_323' title='bbox 889 4179 1206 4251; x_wconf 85' lang='lat' dir='ltr'>separata</span> <span class='ocrx_word' id='word_1_324' title='bbox 1236 4191 1279 4234; x_wconf 90' lang='lat' dir='ltr'>a</span> <span class='ocrx_word' id='word_1_325' title='bbox 1315 4172 1655 4237; x_wconf 87' lang='lat' dir='ltr'>charitate</span> <span class='ocrx_word' id='word_1_326' title='bbox 1692 4174 1913 4239; x_wconf 87' lang='lat' dir='ltr'>simile</span> <span class='ocrx_word' id='word_1_327' title='bbox 1950 4185 2059 4239; x_wconf 87' lang='lat' dir='ltr'>est</span> <span class='ocrx_word' id='word_1_328' title='bbox 2090 4193 2259 4240; x_wconf 72' lang='lat' dir='ltr'>‘cum</span> <span class='ocrx_word' id='word_1_329' title='bbox 2292 4174 2423 4239; x_wconf 89' lang='lat' dir='ltr'>illis</span> <span class='ocrx_word' id='word_1_330' title='bbox 2462 4179 2634 4259; x_wconf 82' lang='lat' dir='ltr'>quae</span> 
     </span>
     <span class='ocr_line' id='line_1_38' title="bbox 309 4260 2633 4350; baseline 0.005 -27"><span class='ocrx_word' id='word_1_331' title='bbox 309 4277 319 4294; x_wconf 91' lang='lat'><strong>·</strong></span> <span class='ocrx_word' id='word_1_332' title='bbox 379 4261 711 4325; x_wconf 87' lang='lat' dir='ltr'>dicuntur</span> <span class='ocrx_word' id='word_1_333' title='bbox 747 4261 834 4326; x_wconf 91' lang='lat' dir='ltr'>de</span> <span class='ocrx_word' id='word_1_334' title='bbox 873 4260 1108 4338; x_wconf 87' lang='lat' dir='ltr'>Caino,</span> <span class='ocrx_word' id='word_1_335' title='bbox 1148 4266 1330 4348; x_wconf 90' lang='lat' dir='ltr'>quod</span> <span class='ocrx_word' id='word_1_336' title='bbox 1370 4287 1615 4350; x_wconf 88' lang='lat' dir='ltr'>nempe</span> <span class='ocrx_word' id='word_1_337' title='bbox 1654 4271 1693 4300; x_wconf 79' lang='lat'>‘⁸</span> <span class='ocrx_word' id='word_1_338' title='bbox 1717 4269 1989 4334; x_wconf 89' lang='lat' dir='ltr'>occidat</span> <span class='ocrx_word' id='word_1_339' title='bbox 2023 4268 2321 4333; x_wconf 91' lang='lat' dir='ltr'>Abelem</span> <span class='ocrx_word' id='word_1_340' title='bbox 2358 4269 2633 4334; x_wconf 82' lang='lat' dir='ltr'>fratrem</span> 
     </span>
     <span class='ocr_line' id='line_1_39' title="bbox 379 4354 2632 4447; baseline 0.004 -30"><span class='ocrx_word' id='word_1_341' title='bbox 379 4354 648 4432; x_wconf 86' lang='lat' dir='ltr'>suum,”</span> <span class='ocrx_word' id='word_1_342' title='bbox 672 4356 788 4439; x_wconf 90' lang='lat' dir='ltr'>qui</span> <span class='ocrx_word' id='word_1_343' title='bbox 825 4367 932 4422; x_wconf 89' lang='lat' dir='ltr'>est</span> <span class='ocrx_word' id='word_1_344' title='bbox 963 4359 1282 4436; x_wconf 78' lang='lat' dir='ltr'>charitaS,</span> <span class='ocrx_word' id='word_1_345' title='bbox 1305 4371 1378 4424; x_wconf 91' lang='lat' dir='ltr'>et</span> <span class='ocrx_word' id='word_1_346' title='bbox 1415 4362 1598 4444; x_wconf 89' lang='lat' dir='ltr'>quod</span> <span class='ocrx_word' id='word_1_347' title='bbox 1636 4362 1793 4426; x_wconf 88' lang='lat' dir='ltr'>inde</span> <span class='ocrx_word' id='word_1_348' title='bbox 1831 4371 2066 4446; x_wconf 86' lang='lat' dir='ltr'>pereat</span> <span class='ocrx_word' id='word_1_349' title='bbox 2104 4363 2417 4440; x_wconf 87' lang='lat' dir='ltr'>ecclesia,</span> <span class='ocrx_word' id='word_1_350' title='bbox 2451 4365 2632 4447; x_wconf 92' lang='lat' dir='ltr'>quod</span> 
     </span>
     <span class='ocr_line' id='line_1_40' title="bbox 379 4449 2631 4542; baseline 0.004 -29"><span class='ocrx_word' id='word_1_351' title='bbox 379 4449 816 4534; x_wconf 83' lang='lat' dir='ltr'>significatur</span> <span class='ocrx_word' id='word_1_352' title='bbox 851 4471 972 4536; x_wconf 90' lang='lat' dir='ltr'>per</span> <span class='ocrx_word' id='word_1_353' title='bbox 1005 4458 1046 4486; x_wconf 82' lang='lat'>‘⁴</span> <span class='ocrx_word' id='word_1_354' title='bbox 1069 4453 1216 4536; x_wconf 87' lang='lat' dir='ltr'>ejici</span> <span class='ocrx_word' id='word_1_355' title='bbox 1262 4477 1352 4519; x_wconf 85' lang='lat' dir='ltr'>ex</span> <span class='ocrx_word' id='word_1_356' title='bbox 1391 4455 1661 4532; x_wconf 89' lang='lat' dir='ltr'>hum0,”</span> <span class='ocrx_word' id='word_1_357' title='bbox 1691 4476 1770 4522; x_wconf 87' lang='lat' dir='ltr'>ac</span> <span class='ocrx_word' id='word_1_358' title='bbox 1808 4456 2004 4522; x_wconf 83' lang='lat' dir='ltr'>“fieri</span> <span class='ocrx_word' id='word_1_359' title='bbox 2040 4477 2255 4542; x_wconf 89' lang='lat' dir='ltr'>vagus</span> <span class='ocrx_word' id='word_1_360' title='bbox 2293 4467 2364 4524; x_wconf 90' lang='lat' dir='ltr'>et</span> <span class='ocrx_word' id='word_1_361' title='bbox 2407 4458 2631 4541; x_wconf 87' lang='lat' dir='ltr'>profu-</span> 
     </span>
     <span class='ocr_line' id='line_1_41' title="bbox 380 4545 2632 4634; baseline 0.003 -26"><span class='ocrx_word' id='word_1_362' title='bbox 380 4545 594 4628; x_wconf 88' lang='lat' dir='ltr'>gus;’&#39;</span> <span class='ocrx_word' id='word_1_363' title='bbox 640 4565 802 4610; x_wconf 89' lang='lat' dir='ltr'>nam</span> <span class='ocrx_word' id='word_1_364' title='bbox 855 4567 1008 4612; x_wconf 88' lang='lat' dir='ltr'>cum</span> <span class='ocrx_word' id='word_1_365' title='bbox 1064 4547 1230 4613; x_wconf 83' lang='lat' dir='ltr'>fides</span> <span class='ocrx_word' id='word_1_366' title='bbox 1283 4561 1637 4634; x_wconf 87' lang='lat' dir='ltr'>separatur</span> <span class='ocrx_word' id='word_1_367' title='bbox 1684 4573 1725 4616; x_wconf 90' lang='lat' dir='ltr'>a</span> <span class='ocrx_word' id='word_1_368' title='bbox 1776 4551 2136 4630; x_wconf 87' lang='lat' dir='ltr'>charitate,</span> <span class='ocrx_word' id='word_1_369' title='bbox 2188 4561 2350 4617; x_wconf 89' lang='lat' dir='ltr'>tunc</span> <span class='ocrx_word' id='word_1_370' title='bbox 2400 4571 2632 4616; x_wconf 88' lang='lat' dir='ltr'>verum</span> 
     </span>
     <span class='ocr_line' id='line_1_42' title="bbox 382 4645 1975 4724; baseline 0.004 -18"><span class='ocrx_word' id='word_1_371' title='bbox 382 4645 774 4708; x_wconf 86' lang='lat' dir='ltr'>successive</span> <span class='ocrx_word' id='word_1_372' title='bbox 798 4646 1090 4710; x_wconf 88' lang='lat' dir='ltr'>vertitur</span> <span class='ocrx_word' id='word_1_373' title='bbox 1113 4645 1184 4710; x_wconf 89' lang='lat' dir='ltr'>in</span> <span class='ocrx_word' id='word_1_374' title='bbox 1214 4645 1485 4724; x_wconf 86' lang='lat' dir='ltr'>falsum,</span> <span class='ocrx_word' id='word_1_375' title='bbox 1517 4667 1598 4712; x_wconf 90' lang='lat' dir='ltr'>ac</span> <span class='ocrx_word' id='word_1_376' title='bbox 1626 4647 1975 4712; x_wconf 88' lang='lat' dir='ltr'>dilabitur.</span> 
     </span>
    </p>
   </div>
  </div>
 </body>
</html>
