3259 5384
663 620 824 688 1942
1276 616 1781 670 APOCALYPSIS
1826 619 2278 672 EXPLICATA.

651 788 834 871 quod
858 808 1105 854 arcana
1137 788 1460 854 interiora
1489 789 1595 852 his
1625 790 1855 865 insint,
1880 800 2199 855 constare
2225 799 2457 872 potest
2488 811 2578 854 ex
2614 790 2889 854 Domini

653 885 899 957 verbiS,
941 884 1121 966 quod
1161 903 1298 947 non
1336 904 1575 948 omnes
1611 885 1885 965 capiant
1923 885 2131 948 verba
2166 886 2357 959 haec,
2396 886 2518 948 sed
2564 885 2609 948 ii
2652 885 2890 967 quibus

652 977 890 1041 datum
929 988 1058 1041 est.
1147 978 1498 1042 Arcanum
1542 979 1843 1053 interius,
1884 979 2067 1062 quod
2114 978 2245 1042 illis
2288 999 2461 1061 quae
2506 999 2547 1042 a
2592 978 2891 1042 Domino

653 1068 836 1134 dicta
882 1081 1062 1148 sunt,
1102 1073 1302 1148 inest,
1344 1073 1655 1136 homines
1700 1092 1935 1153 parum
1982 1075 2279 1154 capiunt,
2317 1073 2437 1135 sed
2484 1091 2723 1136 omnes
2766 1093 2889 1136 an·

653 1165 791 1246 geli
835 1167 902 1228 in
948 1164 1181 1244 caelo;
1237 1186 1440 1230 causa
1483 1176 1612 1240 est,
1654 1167 1808 1248 quia
1850 1167 2083 1230 hi-illa
2126 1166 2404 1230 Domini
2450 1166 2657 1230 verba
2702 1169 2891 1248 spiri-

650 1259 928 1324 tualiter
957 1261 1356 1342 percipiunt.
1391 1271 1464 1325 et
1494 1281 1765 1336 arcana,
1800 1281 1973 1344 quae
2006 1263 2255 1336 insunt,
2282 1261 2655 1342 spiritualia
2686 1273 2843 1324 sunt
2871 1282 2885 1323 :

653 1373 917 1436 nempe,
967 1355 1032 1418 in
1081 1355 1286 1418 caelis
1331 1375 1545 1438 aeque
1591 1375 1670 1418 ac
1716 1356 1783 1419 in
1831 1355 2025 1418 terris
2072 1355 2384 1437 conjugia
2404 1365 2607 1431 esunt,
2656 1355 2777 1418 sed
2824 1357 2887 1418 in

652 1449 856 1512 caelis
917 1449 1230 1530 conjugia
1285 1448 1598 1513 similium
1666 1468 1818 1511 cum
1876 1449 2205 1512 SImilibus
2264 1448 2474 1526 fiunt-3
2542 1450 2643 1512 vir
2706 1451 2887 1513 enim

652 1555 853 1608 natus
890 1554 996 1607 est
1036 1555 1110 1606 ut
1155 1563 1245 1607 ex
1284 1539 1640 1605 intellecfhs
1677 1552 1861 1623 agat,
1905 1543 2140 1606 mulier
2178 1553 2408 1606 autem
2448 1553 2520 1606 ut
2558 1564 2649 1606 ex
2686 1541 2887 1606 affec-

653 1638 880 1714 tione;
927 1657 1006 1700 ac
1039 1633 1428 1700 intellectus
1459 1636 1642 1718 apud
1667 1638 1846 1700 viros
1877 1646 1984 1700 est
2018 1633 2403 1700 intellectus
2430 1638 2570 1701 veri
2601 1646 2672 1700 et
2702 1629 2887 1710 boni,

652 1742 723 1795 et
759 1729 1028 1794 affectio
1065 1730 1244 1811 apud
1281 1730 1596 1792 mulieres
1632 1741 1740 1792 est
1777 1728 2041 1793 affectio
2079 1733 2219 1794 veri
2261 1741 2333 1795 et
2371 1731 2571 1809 boni3
2627 1741 2699 1795 et
2736 1734 2889 1815 quia

653 1826 874 1888 omnis
910 1821 1299 1888 intellectus
1338 1825 1548 1886 vitam
1590 1824 1797 1886 trahit
1834 1843 1923 1886 ex
1962 1822 2338 1898 affectione,
2372 1825 2528 1888 ideo
2564 1825 2887 1908 copulan-

650 1929 759 1982 tur
809 1920 900 1984 ibi
953 1920 1128 1982 sicut
1174 1918 1531 2001 copulatur
1575 1915 1841 1982 affectio
1893 1939 2066 2000 quae
2113 1919 2488 1983 voluntatis
2534 1938 2685 1983 cum
2740 1939 2887 1983 cor-

650 2014 1108 2095 respondente
1140 2013 1565 2094 cogitatione
1597 2031 1769 2094 quae
1810 2011 2235 2077 intellectus:
2282 2012 2673 2078 intellectus
2710 2016 2888 2078 enim

653 2110 831 2190 apud
871 2106 1384 2190 unumquemvis
1422 2117 1528 2170 est
1566 2107 1809 2180 varius,
1850 2108 2023 2170 sicut
2060 2128 2240 2183 vera,
2281 2128 2370 2171 ex
2409 2109 2649 2190 quibus
2684 2109 2887 2173 intel-

652 2201 888 2276 lectuS,
923 2213 1081 2264 sunt
1113 2202 1334 2278 varia;
1382 2201 1450 2263 in
1487 2220 1739 2282 genere
1779 2210 1936 2264 sunt
1968 2222 2128 2265 vera
2166 2201 2509 2275 caelestia,
2544 2213 2703 2267 sunt
2732 2224 2890 2267 vera

654 2297 1048 2378 spiritualia,
1084 2303 1240 2357 sunt
1279 2314 1439 2357 vera
1475 2293 1779 2370 moralia,
1814 2303 1973 2358 sunt
2009 2315 2170 2358 vera
2207 2295 2450 2369 civilia,
2488 2296 2697 2360 immo
2734 2307 2888 2360 sunt

653 2411 812 2454 vera
846 2388 1220 2466 naturalia;
1265 2397 1338 2452 et
1375 2386 1664 2468 cujusvis
1700 2389 1840 2451 veri
1878 2399 2035 2452 sunt
2072 2388 2334 2470 species
2372 2400 2443 2452 et
2482 2399 2639 2453 sunt
2675 2392 2888 2454 varie-

652 2495 835 2551 tates
867 2481 1428 2557 innumerabiles;
1475 2490 1549 2544 et
1586 2482 1741 2565 quia
1776 2481 1934 2544 inde
1971 2492 2077 2548 est
2114 2482 2295 2564 quod
2336 2503 2663 2565 nusquam
2700 2486 2891 2548 unius

653 2575 1042 2644 intellectus
1101 2578 1191 2641 sit
1251 2575 1486 2638 similis
1539 2575 1838 2650 alteriuS,
1898 2595 2023 2640 nec
2084 2577 2276 2640 unius
2335 2575 2601 2641 affectio
2658 2579 2890 2642 similis

651 2672 950 2746 alteriuS,
978 2681 1052 2735 ut
1084 2661 1318 2734 tamen
1351 2689 1558 2752 usque
1591 2665 1987 2732 intellectus
2019 2679 2091 2733 et
2122 2667 2386 2736 affectio
2418 2691 2621 2734 unum
2655 2683 2887 2754 agant,

651 2766 807 2829 ideo
839 2765 1242 2846 copulantur
1275 2765 1342 2826 in
1380 2763 1572 2827 caelo
1609 2765 1707 2827 ita
1744 2772 1817 2826 ut
1850 2765 2390 2845 correspondens
2422 2763 2694 2830 affetffio.
2717 2787 2888 2848 quae

652 2870 759 2925 est
818 2861 1112 2923 mulieris
1173 2857 1624 2939 conjungatur
1685 2877 1840 2920 cum
1899 2860 2475 2939 correspondente
2536 2857 2888 2924 intellectu

654 2955 764 3038 qui
816 2965 923 3018 est
976 2956 1136 3017 viri:
1197 2953 1356 3016 inde
1411 2963 1516 3017 est
1574 2950 1815 3035 [quod]
1872 2953 2014 3016 vita
2066 2955 2328 3036 utrique
2380 2955 2469 3017 sit
2524 2975 2614 3017 ex
2668 2973 2889 3018 corre·

653 3050 1084 3132 spondentia,
1147 3047 1348 3128 plena
1407 3067 1658 3110 amore.
1770 3045 1949 3128 Quia
2008 3067 2184 3112 nunc
2247 3049 2443 3112 binae
2504 3047 2891 3112 affectiones

652 3144 876 3208 variae
923 3163 1060 3206 non
1105 3142 1637 3223 correspondere
1684 3150 1971 3223 possunt
2018 3143 2129 3204 uni
2172 3139 2575 3216 intellectui,
2620 3143 2777 3206 inde
2822 3143 2889 3204 in

654 3237 847 3301 caelo
885 3255 1215 3318 nusquam
1253 3234 1472 3310 datur,
1513 3255 1638 3298 nec
1686 3234 1829 3298 dari
1868 3244 2121 3318 potest,
2163 3237 2345 3319 quod
2384 3237 2607 3317 plures
2644 3255 2893 3299 uxores

655 3333 790 3395 sint
837 3333 948 3393 uni
994 3333 1156 3394 viro.
1248 3329 1360 3393 Ex
1407 3331 1511 3393 his
1548 3332 1761 3395 videri
1807 3342 1880 3396 et
1925 3331 2241 3395 concludi
2288 3343 2518 3414 potest
2566 3332 2722 3414 quid
2771 3350 2889 3413 per

654 3426 772 3488 illa
817 3425 1091 3488 Domini
1129 3426 1336 3487 verba
1379 3427 1588 3488 etiam
1635 3424 2073 3506 spiritualiter
2110 3426 2555 3507 intelligitur;
2612 3436 2685 3489 ut
2732 3424 2887 3508 quid

655 3539 774 3600 per
817 3519 997 3601 quod
1041 3520 1198 3582 “vir
1241 3519 1576 3601 relinquet
1616 3530 1883 3600 patrem
1930 3530 2000 3583 et
2049 3531 2339 3583 matrem
2386 3530 2455 3583 et
2494 3519 2891 3582 adhaerebit

654 3613 850 3676 uxori
897 3633 1077 3688 suae,
1126 3623 1197 3676 et
1243 3623 1440 3677 erunt
1485 3613 1551 3676 in
1599 3633 1875 3676 earnem
1918 3633 2121 3676 unam
2148 3613 2202 3692 ;”
2254 3632 2521 3694 nempe,
2569 3613 2750 3697 quod
2795 3615 2894 3676 vir

655 3707 990 3790 relinquet
1028 3708 1095 3770 id
1135 3709 1388 3771 malum
1427 3720 1498 3771 et
1534 3707 1777 3770 salsum
1824 3708 2006 3790 quod
2052 3709 2113 3770 ei
2158 3729 2247 3770 ex
2287 3708 2615 3788 religione
2654 3718 2783 3781 est,
2822 3717 2890 3768 et

655 3803 962 3884 inquinat
999 3800 1424 3866 intellectum
1461 3800 1622 3882 ejuS,
1665 3803 1761 3864 ita
1806 3822 1896 3865 ex
1945 3812 2136 3884 patre
2174 3812 2244 3864 et
2284 3812 2500 3865 matre
2525 3823 2540 3878 ;
2598 3810 2669 3864 et
2714 3801 2893 3884 quod

655 3893 1044 3960 intellectus
1089 3896 1229 3977 ejus
1275 3897 1364 3960 ab
1408 3895 1540 3959 illis
1583 3906 1939 3976 separatus
1976 3895 2426 3976 conjungetur
2471 3915 2623 3958 cum
2668 3915 2892 3959 corre-

658 3991 1044 4073 spondente
1103 3987 1458 4054 affectione
1523 4011 1697 4072 quae
1762 3991 2035 4068 uxoris;
2104 3990 2262 4052 inde
2327 3990 2465 4052 duo
2528 3989 2698 4052 fiunt
2764 4009 2897 4052 una

659 4082 926 4149 affectio
961 4085 1102 4148 veri
1139 4094 1210 4148 et
1247 4085 1449 4161 boni;
1497 4086 1625 4148 hoc
1666 4084 2069 4165 intelligitur
2106 4104 2225 4165 per
2268 4089 2598 4148 “carnem
2636 4083 2895 4156 unam‚’'

659 4182 726 4243 in
774 4199 906 4262 qua
951 4179 1086 4241 duo
1131 4189 1351 4253 erunt,
1397 4177 1662 4241 “caro”
1697 4179 1878 4241 enim
1924 4179 1991 4240 in
2029 4177 2359 4259 spirituali
2394 4197 2595 4240 sensu
2641 4176 2894 4259 signifi-

662 4282 774 4337 cat
821 4273 1072 4337 bonum
1119 4272 1302 4356 quod
1356 4280 1462 4336 est
1507 4273 1756 4335 amoris
1812 4293 1929 4335 seu
1972 4269 2383 4334 affectionis:
2452 4276 2712 4354 “quare
2760 4290 2894 4334 non

657 4367 944 4448 amplius
983 4376 1139 4430 sunt
1175 4368 1334 4442 duo,
1371 4365 1493 4430 sed
1532 4385 1663 4429 una
1704 4365 1919 4441 caro,”
1956 4365 2294 4447 significat
2330 4365 2515 4448 quod
2560 4366 2654 4428 sic
2692 4365 2895 4428 intel-

658 4459 874 4525 lectus
917 4461 1079 4525 boni
1132 4471 1203 4525 et
1256 4461 1395 4524 veri
1447 4481 1525 4524 ac
1571 4459 1836 4524 affectio
1882 4459 2040 4523 boni
2094 4470 2165 4524 et
2209 4461 2350 4522 veri
2405 4480 2539 4522 non
2595 4460 2731 4523 duo
2774 4460 2894 4522 sed

659 4575 863 4619 unum
901 4557 1060 4632 sint,
1101 4555 1412 4620 similiter
1447 4575 1526 4620 ac
1561 4553 1879 4620 voluntas
1916 4564 1988 4619 et
2025 4551 2414 4618 intellectus
2451 4553 2721 4636 quidem
2762 4554 2896 4616 duo
