3259 5384
850 673 1012 724 CAP.
1044 673 1199 736 xn„
1231 671 1439 723 Vnus.
1480 672 1736 741 17.-—N.
1770 655 2024 740 768[a].
2388 669 2555 736 2137

329 859 477 903 vera
500 839 851 906 doetrinae
882 842 1057 906 illius
1080 840 1447 906 ecclesiae:
1486 842 1645 905 inde
1669 850 1775 905 est
1800 839 1982 924 quod
2013 859 2134 921 per
2155 837 2375 903 “iram
2401 837 2556 902 dra-

330 935 551 998 conis''
588 937 700 1000 hic
746 936 1161 1018 significetur
1204 937 1434 1024 odium
1478 937 1828 1000 incensum
1875 956 1914 998 a
1961 944 2284 1018 percepto
2329 932 2558 996 favore

328 1029 645 1110 plurium;
707 1050 885 1107 nam,
942 1041 1019 1096 ut
1076 1051 1277 1112 supra
1334 1029 1591 1096 dietum
1652 1041 1779 1108 est,
1841 1050 1961 1112 per
2017 1029 2197 1112 quod
2263 1027 2558 1091 “mulier

330 1123 561 1205 fugerit
598 1125 671 1188 in
718 1126 1060 1190 desertum
1096 1127 1163 1189 in
1203 1124 1427 1190 locum
1466 1137 1941 1207 praeparatum
1979 1144 2018 1186 a
2057 1122 2265 1198 Deo,”
2301 1121 2556 1204 signifi-

328 1230 509 1282 catur
552 1220 739 1303 quod
782 1221 1089 1297 ecclesia,
1137 1241 1309 1304 quae
1356 1219 1553 1284 Nova
1602 1219 2103 1300 Hierosolyma,
2153 1227 2334 1282 esset
2379 1219 2558 1280 inter

328 1331 588 1392 panem,
636 1335 851 1398 usque
902 1316 1063 1379 dum
1115 1315 1507 1398 providetur
1549 1315 1729 1378 inter
1774 1313 2020 1396 plureS,
2069 1323 2140 1378 et
2193 1313 2436 1376 crescit
2487 1312 2554 1373 in

327 1405 609 1486 plenum.

432 1514 603 1596 768
612 1513 754 1597 [aJ.
818 1514 937 1577 ‘et
992 1513 1177 1577 abivit
1233 1515 1455 1578 facee-0
1514 1514 1733 1578 bollum
1795 1532 1934 1578 eum
1993 1513 2248 1595 reliquit
2305 1510 2560 1576 comittit

326 1605 803 1690 asaf—Quod
840 1607 1181 1690 significet
1209 1617 1275 1672 et
1299 1609 1459 1672 inde
1483 1629 1571 1671 ex
1597 1609 1750 1672 vita
1778 1608 1950 1672 mali
1981 1608 2325 1672 ardentem
2359 1626 2554 1669 cona·

328 1714 453 1766 tum
481 1703 931 1786 impugnandi
966 1724 1129 1768 vera
1160 1704 1507 1768 doarinae
1548 1704 1736 1768 illius
1779 1705 2100 1778 ecclesiae,
2143 1712 2418 1766 constat
2463 1721 2554 1764 ex

327 1797 805 1879 significatione
846 1798 1143 1874 “abire‚”
1180 1800 1361 1881 quod
1399 1800 1487 1862 sit
1532 1820 1573 1862 a
1606 1801 1750 1863 vita
1787 1798 1946 1862 mali
1983 1799 2229 1862 ardens
2265 1805 2554 1860 conatus

329 1907 403 1959 (de
426 1919 519 1964 qua
542 1907 822 1969 sequitur->3
875 1911 965 1954 ex
1010 1891 1513 1973 significatione
1553 1891 1840 1955 “facere
1877 1889 2199 1967 bellum,”
2234 1889 2418 1972 quod
2463 1889 2552 1952 sit

328 1979 716 2062 impugnare
772 1989 845 2044 et
901 1979 1084 2044 velle
1141 1981 1502 2044 destruere
1554 1996 1640 2056 (de
1666 2010 1768 2055 qua
1797 2009 2026 2055 saprum.
2063 1993 2414 2061 573,734);
2460 1998 2554 2040 ex

329 2077 804 2158 significatione
828 2082 869 2110 ‘⁴
886 2078 1157 2141 seminis
1182 2076 1380 2158 ejuS‚”
1405 2077 1586 2159 quod
1612 2078 1750 2141 sint
1773 2097 1932 2140 vera
1959 2075 2305 2140 doetrinae
2329 2075 2553 2139 eccle·

330 2168 452 2230 siae
482 2184 565 2244 (de
584 2184 1139 2244 qua-summanum:
1183 2169 1369 2251 quod
1398 2175 1437 2202 “
1455 2169 1698 2251 reliqui
1729 2170 2008 2232 seminis
2024 2167 2056 2194 ”
2077 2168 2414 2242 dicantur,
2441 2174 2552 2230 est

331 2261 466 2340 quia
514 2261 991 2342 intelliguntur
1042 2261 1138 2324 illi
1190 2261 1301 2344 qui
1354 2262 1421 2323 in
1481 2261 1559 2324 iis
1618 2262 1794 2324 veris
1853 2271 2034 2336 sunt,
2082 2268 2153 2323 et
2218 2261 2284 2322 in
2350 2279 2554 2322 sensu

328 2353 655 2418 abstrae‘to
679 2376 839 2418 vera
868 2355 1044 2418 illius
1076 2355 1423 2431 ecclesiae,
1459 2375 1631 2437 quae
1666 2357 2062 2436 impugnare
2095 2363 2166 2418 et
2199 2354 2548 2417 destruere

330 2467 391 2509 se
430 2469 625 2530 posse
674 2450 977 2513 credunt.
1067 2447 1271 2531 Quod
1320 2449 1565 2513 “abire
1586 2449 1617 2474 ''
1663 2449 1998 2531 significet
2049 2469 2144 2512 ex
2198 2450 2341 2510 vita
2387 2449 2548 2513 mali

330 2541 627 2606 ardenter
658 2544 909 2619 conari,
942 2553 1049 2606 est
1087 2545 1243 2625 quia
1277 2543 1427 2606 “ire
1446 2541 1477 2567 ”
1508 2542 1575 2605 in
1612 2563 1815 2606 sensu
1847 2542 2176 2624 spirituali
2206 2542 2547 2623 significat

330 2635 529 2699 vivere
553 2657 571 2714 ;
610 2637 767 2699 inde
792 2638 859 2699 in
884 2635 1119 2700 Verbo
1142 2637 1385 2700 dicitur
1413 2636 1565 2699 “ire
1590 2655 1746 2699 cum
1774 2636 2129 2712 Domin0,’'
2154 2647 2224 2700 et
2253 2641 2293 2668 “
2312 2637 2548 2700 ambu-

332 2727 451 2792 lare
505 2750 659 2793 cum
727 2728 934 2812 Ipso”
990 2739 1060 2794 et
1123 2735 1337 2811 “post
1384 2729 1674 2812 Ipsum‚”
1726 2750 1846 2811 per
1903 2750 2075 2814 quae
2135 2729 2552 2812 significatur

330 2825 530 2889 vivere
567 2845 611 2888 a
656 2824 993 2888 Domino:
1042 2834 1115 2888 at
1161 2843 1315 2888 cum
1356 2826 1507 2888 “ire
1523 2824 1553 2851 ”
1600 2825 1846 2889 dicitur
1879 2826 1965 2889 de
2008 2826 2324 2900 dracone,
2364 2824 2551 2906 cujus

330 2919 452 2980 vita
492 2930 598 2982 est
644 2921 789 2984 vita
822 2919 1003 2993 mali,
1042 2917 1461 3000 significatur
1496 2939 1587 2982 ex
1633 2918 1752 2982 illa
1785 2920 1928 2982 vita
1972 2920 2238 2997 conari;
2287 2927 2357 2982 et
2394 2921 2550 3002 quia

330 3023 593 3076 conatus
646 3012 760 3077 ille
818 3022 928 3077 est
985 3023 1271 3076 conatus
1329 3033 1421 3076 ex
1478 3014 1662 3088 odio,
1719 3013 1900 3096 quod
1956 3011 2372 3094 significatur
2432 3033 2552 3094 per

334 3103 583 3167 “iram”
634 3103 784 3186 ejus
837 3123 1040 3186 supra
1095 3121 1165 3180 (n.
1194 3119 1337 3184 754.
1367 3105 1541 3185 758),
1594 3105 1756 3168 inde
1819 3104 2242 3186 significatur
2295 3104 2548 3168 ardens

332 3207 633 3275 conatus;
688 3217 847 3259 nam
896 3197 1007 3278 qui
1058 3217 1151 3260 ex
1207 3197 1364 3260 odio
1416 3207 1725 3271 conatur,
1773 3197 1830 3260 is
1881 3197 2200 3261 ardenter
2243 3207 2546 3260 conatur.

334 3285 645 3368 Quoniam
678 3291 908 3354 odium
936 3289 1225 3364 illorum,
1253 3291 1363 3372 qui
1396 3310 1514 3373 per
1548 3290 1974 3355 “draconem
1989 3290 2019 3315 ’⁹
2050 3289 2544 3371 intelliguntur,

334 3392 423 3444 est
450 3384 674 3447 odium
704 3395 946 3447 contra
975 3383 1127 3447 illos
1159 3385 1270 3466 qui
1308 3385 1373 3446 in
1404 3385 1580 3447 veris
1612 3381 1960 3448 doetrinae
1993 3383 2344 3460 ecclesiae,
2369 3404 2547 3466 quae

334 3487 425 3538 est
466 3477 661 3540 Nova
708 3477 1205 3558 Hierosolyma,
1248 3489 1429 3552 sunt,
1477 3479 1631 3542 ideo
1675 3489 1783 3543 est
1827 3479 2058 3543 odium
2104 3487 2344 3542 contra
2389 3499 2548 3542 vera

335 3567 676 3648 doarinae,
704 3593 876 3656 quae
908 3583 1065 3636 sunt
1096 3573 1277 3654 apud
1307 3572 1459 3636 illos
1484 3594 1499 3651 ;
1547 3573 1644 3636 illi
1675 3574 1856 3638 enim
1887 3574 2000 3656 qui
2029 3575 2096 3636 in
2127 3593 2358 3636 amore
2385 3593 2548 3656 erga

333 3661 601 3746 aliquem
638 3678 819 3742 sunt,
860 3676 1007 3731 tum
1045 3668 1157 3749 qui
1201 3667 1266 3730 in
1304 3667 1463 3731 odio
1500 3678 1742 3732 contra
1777 3667 2092 3750 aliquem,
2131 3667 2228 3730 illi
2272 3667 2546 3749 quidem

337 3756 393 3820 in
438 3756 686 3839 [amore
734 3769 892 3824 sunt
944 3780 1110 3842 erga
1154 3780 1533 3841 personam,
1579 3760 1691 3824 vel
1743 3760 1842 3843 in]
1899 3762 2056 3824 odio
2099 3770 2258 3824 sunt
2305 3771 2548 3824 contra

338 3869 689 3930 personam,
737 3853 919 3934 apud
962 3873 1167 3936 quam
1212 3853 1329 3916 illa
1373 3864 1531 3918 sunt
1576 3875 1751 3937 quae
1795 3855 1906 3918 vel
1951 3864 2186 3919 amant
2229 3855 2340 3918 vel
2382 3855 2545 3918 odio

338 3945 583 4023 habent,
630 3957 703 4012 et
756 3967 839 4010 ea
887 3957 1045 4010 sunt
1098 3967 1257 4010 vera
1300 3945 1649 4012 doetrinae
1700 3949 1882 4030 apud
1934 3949 2124 4027 illos3
2183 3949 2340 4014 ideo
2385 3960 2543 4013 sunt

337 4059 469 4103 vera
493 4039 837 4105 doetrinae
860 4063 1033 4124 quae
1053 4061 1171 4123 per
1194 4047 1234 4075 ‘⁸
1250 4042 1543 4124 reliquos
1566 4044 1838 4106 seminis
1856 4043 1997 4124 ejus
2013 4042 2043 4069 ’³
2062 4043 2543 4125 significantur.

342 4131 485 4198 Inde
524 4147 837 4200 constare
883 4147 1113 4218 potest
1157 4135 1341 4218 quod
1398 4138 1467 4200 in
1518 4157 1723 4200 sensu
1769 4137 2094 4220 spirituali
2139 4137 2350 4204 Verbi
2403 4159 2542 4204 non

340 4227 649 4308 speetetur
704 4249 1012 4312 persona,
1061 4229 1185 4294 sed
1243 4251 1351 4294 res
1408 4229 1752 4296 abstraete
1811 4254 1853 4297 a
1913 4253 2220 4314 persona,
2267 4234 2376 4298 hic
2435 4255 2544 4299 res

343 4341 487 4401 quae
514 4325 689 4405 apud
724 4343 1103 4404 personam.
1180 4324 1334 4388 Hoc
1360 4325 1585 4388 adhuc
1617 4325 1936 4390 illustrari
1968 4337 2198 4408 potest
2231 4347 2350 4408 per
2373 4329 2540 4393 hoc:

340 4415 551 4480 dicitur
592 4419 659 4481 in
697 4417 933 4506 Verbo
976 4418 1157 4500 quod
1208 4420 1611 4499 “proximus
1657 4421 1985 4484 amandus
2032 4422 2118 4486 sit
2171 4423 2343 4484 sicut
2396 4423 2540 4504 ipse

344 4526 401 4570 se
428 4521 592 4574 amat
618 4511 673 4589 ;”
710 4521 784 4575 at
813 4514 881 4574 in
912 4531 1113 4574 sensu
1139 4513 1465 4592 spirituali
1495 4533 1633 4576 non
1665 4515 2066 4596 intelligitur
2095 4515 2276 4598 quod
2309 4517 2541 4597 proxi-

342 4619 463 4665 mus
496 4605 713 4687 quoad
760 4623 1119 4686 personam
1164 4607 1261 4670 ita
1304 4608 1632 4671 amandus
1666 4609 1780 4685 sit,
1819 4610 1940 4673 sed
1978 4609 2160 4692 quod
2205 4608 2322 4672 illa
2367 4629 2541 4692 quae
