3259 5384
1002 696 1161 748 CAP.
1200 696 1353 760 κη,
1390 696 1594 747 vERs.
1640 695 1894 764 17.—N.
1929 679 2170 764 768[c].
2535 694 2700 758 2143

444 865 887 948 intelligitur,
926 865 1083 931 ideo
1127 887 1245 948 per
1284 867 1624 930 “semen”
1663 885 1892 930 eorum
1931 863 2346 948 significatur
2385 863 2704 927 Divinum

446 958 725 1024 Verum
777 961 959 1043 quod
1012 983 1054 1025 a
1106 961 1425 1036 Domino,
1474 962 1758 1043 proinde
1809 963 2017 1025 etiam
2069 979 2304 1023 verum
2357 955 2703 1022 doetrinae

444 1055 645 1138 quod
684 1077 777 1120 ex
815 1056 1089 1136 Verbo;
1137 1067 1211 1121 ut
1248 1057 1313 1120 in
1352 1057 1457 1122 his
1494 1057 1660 1120 locis
1689 1055 2004 1138 z—Apud
2040 1055 2294 1130 Mosen,

564 1202 821 1268 Jehovah
854 1205 988 1254 dixit
1024 1205 1279 1264 Abramo,
1310 1204 1584 1254 “Omnem
1621 1214 1836 1262 terram.
1865 1219 2024 1268 quam
2061 1213 2119 1253 tu
2153 1203 2320 1262 vides.
2349 1203 2443 1252 tibi
2478 1203 2619 1250 dabo
2653 1211 2708 1250 et

728 1269 921 1318 semini
951 1279 1044 1319 tuo
1080 1271 1134 1318 in
1164 1279 1509 1333 perpetuum:
1552 1281 1605 1320 et
1635 1285 1834 1334 ponam
1863 1283 2050 1318 semen
2080 1279 2229 1318 tuum
2259 1269 2394 1318 sicut
2427 1268 2704 1332 pulverem

729 1334 945 1386 terrae”
968 1335 1113 1397 (Gen.
1138 1336 1245 1386 xiii.
1274 1347 1351 1396 15,
1378 1336 1493 1396 16);

548 1398 825 1524 “Susqicce
860 1415 1062 1504 versutsl
1082 1401 1277 1527 3aelos,
1312 1410 1367 1452 et
1408 1415 1631 1451 numera
1665 1399 1850 1450 stellas
1872 1415 1908 1459 ι.
1929 1437 1974 1452 ..
1994 1400 2096 1451 ,sic
2135 1399 2237 1450 erit
2277 1413 2466 1448 semen
2507 1395 2706 1448 tuum”

792 1481 871 1515 en.
895 1479 982 1515 xv.
1030 1473 1045 1496 ¹
1068 1478 1093 1526 5
1136 1480 1147 1524 ;

562 1531 599 1552 ‘⁸
620 1529 1017 1580 Benedicentur
1037 1532 1091 1580 in
1116 1531 1325 1582 semine
1348 1539 1441 1580 tuo
1465 1545 1656 1580 ornnes
1680 1540 1872 1593 gentes
1887 1529 1915 1550 ”
1939 1527 2085 1591 (Gen.
2111 1529 2235 1579 xxii.
2263 1529 2345 1589 18)
2365 1543 2376 1586 ;

560 1595 658 1644 Ad
687 1595 913 1656 Isaeum,
940 1596 1106 1646 “Tibi
1136 1608 1189 1648 et
1212 1597 1407 1646 semini
1436 1605 1529 1646 tuo
1552 1597 1694 1646 dabo
1717 1611 1908 1646 omnes
1934 1607 2103 1646 terras
2128 1595 2266 1654 has..
2287 1631 2300 1646 .
2319 1633 2332 1645 .
2353 1603 2430 1644 .et
2454 1593 2707 1656 multipli-

724 1663 857 1709 cabo
882 1676 1069 1712 semen
1095 1672 1242 1711 tuum
1273 1663 1409 1711 sicut
1438 1662 1620 1711 stellas
1647 1661 1810 1717 caeli:
1847 1671 1902 1710 et
1924 1661 2269 1710 benedicetur
2296 1660 2352 1708 in
2381 1659 2588 1709 semine
2611 1667 2707 1708 tuo

724 1727 976 1776 omnibus
1000 1728 1247 1788 gentibus
1273 1726 1490 1776 terrae”
1514 1728 1658 1788 (Gen.
1684 1727 1825 1777 xxvi.
1853 1727 1969 1786 3-5)
1990 1741 2002 1782 ς

561 1790 657 1839 Ad
682 1789 958 1854 jacobum,
986 1791 1229 1846 “Semini
1255 1802 1347 1842 tuo
1372 1803 1495 1855 post
1519 1803 1571 1841 te
1595 1792 1737 1842 dabo
1762 1801 1958 1842 terram
1984 1788 2164 1840 hanc”
2187 1790 2336 1852 (Gen.
2359 1804 2516 1839 xxxV.
2547 1789 2626 1849 12)
2649 1803 2660 1844 ς

560 1855 743 1905 Terra
754 1857 882 1905 data
897 1859 927 1881 ‘⁴
940 1857 1263 1917 Abrahamo,
1284 1855 1439 1906 Isaeo
1455 1867 1509 1906 et
1522 1857 1768 1921 jacobo..
1789 1895 1802 1907 .
1821 1895 1834 1906 .
1855 1867 1932 1906 .et
1951 1857 2146 1907 semini
2166 1856 2376 1906 illorum
2397 1863 2521 1918 post
2541 1854 2662 1903 illos
2677 1851 2706 1873 '⁹

558 1921 1000 2113 δοωοξιῦἑξέἒιιιίι
1013 1923 1337 2116 asti-offui.
1356 1987 1668 2046 Abrabami,
1691 1987 1828 2038 Isaci
1851 1997 1906 2038 et
1921 1986 2110 2052 Jacobi
2134 1985 2340 2050 (Deutr.
2366 1985 2435 2034 iv.
2459 1997 2558 2046 37;
2591 1997 2706 2047 cap.

723 2067 775 2102 x.
885 2067 898 2112 ;
934 2067 1047 2117 cap.
1072 2068 1143 2103 xi.
1167 2068 1199 2116 9
1235 2070 1247 2104 :

444 2203 779 2283 quoniam
812 2222 932 2283 per
960 2201 1536 2276 “Abrahamum,'’
1564 2207 1605 2234 ‘⁴
1626 2201 1892 2264 Isaeum
1907 2200 1938 2226 ’⁹
1957 2211 2028 2265 et
2057 2201 2476 2282 “Jacobum”
2500 2201 2705 2266 intel-

445 2294 693 2376 ligitur
718 2295 1071 2371 DominuS,
1097 2306 1169 2360 ut
1201 2295 1456 2360 dictum
1480 2308 1607 2369 est,
1633 2317 1754 2379 per
1782 2295 2295 2358 “Abrahamum
2314 2295 2344 2320 ”
2371 2295 2705 2358 Dominus

443 2390 687 2472 quoad
747 2390 1063 2454 Divinum
1124 2391 1422 2454 caeleste
1482 2391 1832 2463 ecclesiae,
1890 2411 2009 2471 per
2058 2389 2429 2452 “Isaeum''
2473 2389 2700 2471 quoad

446 2484 781 2547 Divinum
814 2486 1163 2566 spirituale
1197 2485 1544 2559 ecclesiae,
1568 2495 1639 2548 et
1673 2503 1792 2566 per
1813 2483 2234 2566 “Jacobum''
2254 2483 2477 2566 quoad
2512 2483 2704 2546 Divi-

445 2597 629 2641 num
672 2578 979 2642 naturale
1024 2579 1375 2654 ecclesiae,
1422 2581 1578 2644 ideo
1624 2599 1743 2660 per
1784 2584 2076 2642 “semen
2094 2578 2123 2602 ”
2169 2597 2401 2642 eorum
2447 2576 2702 2658 signifi-

448 2683 655 2736 catur
694 2673 1013 2737 Divinum
1052 2673 1728 2755 Verum-procedens
1773 2693 1814 2738 a
1860 2673 2160 2738 Domino
2183 2692 2199 2751 ;
2256 2693 2376 2754 per
2410 2677 2703 2737 “semen

448 2766 887 2830 Abrahami”
920 2767 1239 2834 Divinum
1272 2767 1529 2832 Verum
1568 2767 1888 2842 caeleste,
1925 2787 2044 2848 per
2079 2773 2118 2800 “
2139 2767 2354 2830 Isaci’'
2387 2767 2706 2830 Divinum

450 2860 723 2924 Verum
768 2862 1137 2942 spirituale,
1186 2872 1256 2925 et
1304 2882 1421 2943 per
1462 2861 1797 2943 “Jacobi”
1837 2861 2158 2925 Divinum
2204 2860 2460 2925 Verum
2507 2871 2706 2925 natu-

446 2954 639 3032 rale3
704 2967 1201 3037 consequenter
1246 2957 1451 3018 etiam
1507 2956 1978 3036 intelliguntur
2023 2955 2117 3018 illi
2171 2956 2283 3037 qui
2335 2956 2402 3018 in
2457 2955 2707 3019 Divino

446 3046 649 3111 Vero
692 3069 733 3111 a
780 3048 1079 3114 Domino
1115 3059 1311 3113 sunt:
1370 3070 1489 3131 per
1532 3055 1840 3112 “terram
1863 3049 1892 3073 ”
1929 3061 2182 3123 autem,
2223 3068 2426 3132 quam
2465 3048 2706 3112 Domi-

448 3163 585 3206 nus
631 3141 913 3206 daturus
957 3154 1064 3206 est
1112 3143 1262 3219 illis,
1312 3142 1714 3224 intelligitur
1759 3143 2068 3217 ecclesia,
2116 3163 2290 3226 quae
2341 3145 2409 3207 in
2459 3142 2709 3206 Divino

448 3236 650 3300 Vero
694 3237 783 3300 ab
830 3237 989 3318 Ipso
1032 3248 1178 3314 est;
1240 3237 1398 3301 inde
1446 3239 1595 3299 sciri
1644 3247 1874 3319 potest
1921 3236 2080 3320 quid
2127 3235 2545 3318 significatur
2589 3255 2710 3317 per

447 3331 641 3414 quod
674 3333 798 3393 “in
832 3333 1087 3395 semine
1120 3331 1385 3394 illorum
1418 3331 1908 3394 benedicentur
1941 3351 2180 3394 omnes
2211 3341 2454 3412 gentes
2477 3331 2532 3408 ;'’
2570 3351 2707 3395 non

450 3427 644 3489 enim
698 3427 765 3488 in
820 3427 1225 3507 posteritate
1276 3425 1564 3498 illorum,
1618 3445 1866 3506 nempe
1920 3426 1987 3488 in
2043 3435 2254 3506 gente
2303 3424 2587 3506 Judaica
2637 3435 2709 3489 et

451 3519 857 3593 Israelitica‚
886 3519 1195 3582 benedici
1228 3530 1617 3601 potuerunt,
1655 3519 1774 3583 sed
1807 3521 1874 3582 in
1907 3520 2205 3585 Domino
2237 3530 2308 3584 et
2339 3539 2380 3584 a
2411 3519 2710 3583 Domino

450 3635 581 3696 per
617 3614 1080 3695 receptionem
1120 3614 1344 3676 Divini
1388 3613 1551 3676 Veri
1597 3615 1684 3677 ab
1733 3613 1910 3695 Ipso.
2002 3612 2203 3695 Quod
2250 3633 2368 3696 per
2410 3619 2705 3677 “semen

454 3704 889 3772 Abrahami”
928 3727 1063 3770 non
1110 3706 1441 3771 intellecti
1488 3710 1624 3772 sint
1668 3707 1927 3790 Judaei,
1974 3718 2249 3772 constat
2294 3729 2383 3772 ex
2433 3707 2710 3773 Domini

450 3801 687 3866 verbis
724 3801 901 3883 apud
938 3799 1339 3877 Jolzannem,

456 4001 469 4008 ,
576 3949 995 4012 Responderunt
1012 3948 1217 4014 judaei,
1238 3949 1475 4000 “Semen
1502 3951 1794 4000 Abrahami
1813 3963 2018 4008 sumus,
2035 3959 2090 3999 et
2117 3951 2318 4000 nemini
2341 3951 2486 4000 servi
2509 3950 2710 4002 fuimus

728 4030 963 4077 unquam
984 4032 1021 4064 ε.
1043 4052 1055 4063 .
1075 4052 1087 4064 .
1108 4013 1313 4079 .Jesus.
1334 4017 1674 4078 .respondit,.
1697 4053 1707 4064 .
1728 4053 1740 4064 .
1762 4016 1908 4065 .Scio
1964 4015 2106 4079 quod
2167 4029 2354 4065 semen
2413 4016 2710 4066 Abrahami

724 4080 859 4138 sitis,
892 4081 991 4129 sed
1026 4080 1281 4143 quaeritis
1318 4079 1410 4129 Me
1444 4081 1704 4138 occidere,
1740 4081 1865 4143 quia
1891 4079 2127 4130 Verbum
2171 4095 2349 4130 meum
2388 4096 2496 4130 non
2532 4082 2709 4130 locum

698 4175 709 4180 -
725 4145 889 4194 habet
917 4146 973 4194 in
998 4146 1153 4196 vobis
1174 4159 1213 4205 ;.
1230 4182 1244 4197 .
1266 4181 1279 4196 .
1296 4159 1421 4197 aros
1442 4161 1511 4195 ex
1539 4155 1692 4208 patre
1717 4146 1937 4196 diabolo
1965 4147 2096 4196 estis
2111 4145 2140 4166 '⁹
2163 4147 2316 4212 (Joh.
2339 4147 2445 4198 viii.
2471 4159 2552 4208 33,
2579 4143 2708 4213 [34]

728 4223 808 4271 37.
831 4212 945 4273 44)=

462 4379 553 4424 ex
602 4358 850 4441 quibus
898 4367 1092 4439 patet
1138 4358 1321 4440 quod
1367 4357 1461 4420 illi
1508 4378 1644 4421 non
1691 4356 2021 4422 intellecti
2067 4359 2201 4422 sint
2247 4379 2367 4441 per
2415 4363 2710 4423 “semen

464 4451 906 4527 Abrahami,”
926 4452 1047 4514 sed
1071 4453 1253 4534 quod
1281 4472 1399 4533 per
1421 4457 1461 4484 “
1478 4452 1950 4516 Abrahamum
1967 4452 2444 4535 ”intelligatur
2470 4453 2709 4517 Domi-

458 4567 607 4622 nuS‚
636 4555 707 4609 et
742 4565 861 4628 per
888 4551 1179 4608 “semen
1212 4544 1636 4608 Abrahami''
1670 4547 1987 4609 Divinum
2022 4547 2279 4610 Verum
2312 4569 2353 4611 a
2385 4547 2706 4623 Domino,

458 4641 643 4724 quod
682 4650 789 4704 est
830 4639 1179 4721 Verbum;
1236 4659 1393 4703 nam
1431 4641 1693 4717 dicitur,
1741 4639 1954 4706 “Scio
1991 4642 2172 4725 quod
2211 4661 2445 4706 semen
2485 4641 2710 4705 Abra-
