3259 5384
935 637 1095 689 CAP.
1130 639 1281 701 κη,
1318 637 1523 690 vssks.
1567 639 1822 690 11.--N.
1855 623 2100 709 750[e].
2467 641 2632 706 2113

398 823 477 868 ac
516 807 801 868 “aurum
820 803 851 830 '’
882 803 1223 888 significat
1254 806 1529 882 bonum,
1560 817 1631 871 et
1665 807 1732 870 in
1765 807 2088 890 opposito
2119 825 2322 870 sensu
2357 806 2633 878 malum,

397 897 557 962 ideo
590 899 852 976 dicitur,
890 897 1340 983 “Argentum
1378 919 1611 964 eorum
1651 911 1722 965 et
1761 921 1994 964 aurum
2027 921 2261 965 eorum
2299 921 2438 964 non
2479 911 2636 983 pot-

398 993 525 1057 erit
552 995 803 1076 eripere
828 1015 950 1058 eos
982 996 1049 1058 in
1082 995 1193 1058 die
1224 996 1361 1058 irae
1382 995 1690 1077 jehovae
1719 995 1772 1073 ;”
1813 1001 1852 1028 ‘⁸
1871 1004 2233 1076 argentum
2259 1005 2330 1059 et
2356 1015 2590 1058 aurum
2607 995 2638 1018 ’⁹

397 1095 506 1150 est
538 1107 673 1150 non
704 1106 939 1152 verum
974 1099 1045 1152 et
1076 1107 1213 1152 non
1247 1089 1524 1165 bonum,
1560 1100 1631 1153 et
1665 1109 1932 1172 quoque
1961 1089 2203 1152 salsum
2237 1098 2307 1152 et
2341 1087 2635 1164 malum;

401 1180 609 1244 “dies
640 1180 824 1244 irae''
858 1191 969 1245 est
1006 1182 1153 1246 dies
1182 1181 1431 1264 judicii.
1522 1182 1735 1265 Apud
1771 1181 2078 1258 Esaiam,

488 1327 523 1352 ‘⁸
542 1323 653 1375 Erit
678 1323 792 1376 Lux
821 1325 1037 1377 Israelis
1062 1327 1117 1376 in
1142 1327 1340 1389 ignem,
1360 1336 1415 1377 et
1438 1323 1668 1377 Sanetus
1693 1326 1812 1390 ejus
1837 1327 1891 1376 in
1917 1326 2204 1386 flammam,
2225 1341 2360 1390 quae
2383 1325 2641 1376 accendet

656 1400 712 1440 et
734 1393 981 1442 comedet
995 1429 1007 1442 .
1026 1429 1039 1443 .
1060 1431 1072 1441 .
1094 1391 1344 1455 ,gloriam
1370 1392 1540 1442 silvae
1570 1392 1689 1455 ejus
1717 1403 1772 1441 et
1795 1391 2128 1442 Carmelum.
2148 1429 2186 1452 .,
2210 1393 2280 1441 ab
2303 1391 2508 1440 anima.
2529 1405 2640 1440 .us·

660 1469 763 1520 que
786 1459 857 1507 ad
880 1471 1099 1508 carnem
1123 1456 1449 1508 conaumefl’
1472 1457 1543 1518 (x.
1572 1469 1650 1517 17,
1679 1458 1788 1520 18):

401 1617 521 1682 per
556 1598 873 1664 “Lucem
913 1599 1185 1664 Israelis
1200 1599 1233 1626 '⁹
1267 1610 1339 1664 et
1378 1621 1495 1682 per
1536 1597 1919 1664 “Sanetum
1958 1597 2158 1682 ejuS,”
2186 1600 2300 1683 qui
2337 1573 2534 1664 erunt
2571 1600 2637 1663 in

398 1695 631 1776 ignem
675 1704 746 1758 et
792 1693 1159 1770 flammam,
1208 1693 1614 1776 intelligitur
1663 1693 1999 1758 Dominus
2043 1695 2268 1777 quoad
2325 1694 2637 1757 ultimum

391 1786 751 1870 judicium;
815 1809 935 1871 per
983 1788 1275 1870 “ignem
1331 1798 1403 1853 et
1447 1788 1793 1852 flammam
1811 1788 1841 1814 ’'
1886 1787 2307 1871 significatur
2351 1790 2638 1852 exitium

298 1959 308 1969 ·
397 1881 666 1945 illorum
720 1883 832 1964 qui
884 1883 951 1945 in
1005 1882 1189 1945 falsis
1247 1882 1407 1946 mali
1461 1892 1659 1946 sunt:
1725 1903 1845 1965 per
1899 1882 2247 1964 “gloriam
2301 1881 2514 1944 silvae
2568 1893 2639 1945 et

398 1975 847 2050 Carmelum,”
874 1997 1047 2059 quae
1084 1977 1317 2058 “ignis
1354 1987 1425 2041 et
1456 1975 1731 2041 flamma
1762 1977 2081 2041 comedet
2117 1987 2188 2040 et
2219 1975 2640 2056 consumet‚”

400 2069 820 2152 significatur
872 2070 1205 2134 ecclesiae
1264 2089 1498 2133 verum
1560 2091 1638 2134 ac
1701 2071 1953 2133 bonum
2017 2071 2178 2145 veri,
2235 2090 2429 2152 quae,
2485 2071 2640 2152 quia

398 2183 594 2227 versa
630 2174 789 2228 sunt
836 2164 903 2227 in
940 2164 1110 2228 salsa
1156 2175 1227 2228 et
1268 2163 1449 2228 mala
1484 2164 1658 2240 salsi,
1700 2165 2173 2228 destruentur:
2234 2165 2379 2227 “ab
2415 2165 2641 2228 anima

400 2275 609 2339 usque
647 2257 734 2320 ad
772 2257 1097 2321 carnem”
1129 2257 1468 2340 significat
1512 2279 1722 2342 usque
1754 2258 1844 2322 ab
1879 2255 2235 2322 intellefitu
2266 2257 2406 2339 ejus
2444 2267 2516 2320 et
2553 2257 2640 2321 ad

400 2350 832 2415 voluntatem
871 2351 1051 2434 ejus;
1104 2353 1389 2416 “anima
1405 2353 1435 2377 ”
1474 2363 1580 2417 est
1629 2350 2020 2417 intelle&us
2055 2354 2218 2429 veri,
2259 2364 2332 2417 et
2373 2349 2642 2416 “caro’'

402 2454 506 2508 est
542 2445 867 2509 voluntas
904 2445 1086 2511 boni.
1176 2446 1386 2530 Apud
1428 2448 1744 2522 eundem,

496 2588 745 2640 “Stultus
780 2589 1061 2640 stultitiam
1098 2589 1370 2654 loquitur„
1392 2627 1405 2642 .
1424 2627 1437 2641 .
1458 2591 1547 2640 ,ad
1583 2591 1951 2642 evacuandum
1985 2590 2224 2641 animam
2258 2589 2559 2648 esurientis,
2589 2599 2643 2640 et

660 2664 849 2718 potum
874 2655 1107 2706 sitientis
1132 2656 1358 2706 deficere
1382 2656 1585 2706 faciet”
1608 2656 1793 2719 (xxxii.
1817 2656 1898 2720 6):

404 2792 511 2859 hic
558 2795 769 2860 etiam
818 2815 941 2878 per
986 2797 1341 2860 “animam
1360 2797 1391 2822 ”
1437 2795 1858 2878 significatur
1901 2797 2114 2861 homo
2157 2797 2382 2880 quoad
2436 2797 2640 2860 intel·

401 2887 652 2954 lefitum
700 2891 861 2954 boni
907 2901 979 2955 et
1025 2891 1185 2966 veri,
1234 2913 1354 2974 per
1402 2894 1756 2955 “animam
1802 2893 2160 2956 esurientis
2177 2891 2206 2917 ”
2251 2889 2641 2956 intelleEtus

402 2983 585 3060 boni,
635 2996 707 3049 et
762 3006 883 3068 per
931 2987 1285 3050 “animam
1339 2985 1633 3050 sitientis
1684 2985 1971 3068 potum”
2015 2983 2408 3050 intellthus
2459 2987 2638 3062 veri;

402 3080 583 3161 quod
630 3079 841 3143 homo
886 3080 998 3162 qui
1052 3081 1118 3143 in
1164 3079 1351 3143 falsis
1406 3080 1567 3144 mali
1612 3090 1742 3154 est,
1791 3080 2144 3162 deprivare
2191 3089 2478 3143 conetur
2519 3078 2640 3142 illo

402 3173 750 3238 hominem
798 3175 910 3257 qui
962 3174 1028 3237 in
1074 3194 1241 3237 vero
1284 3195 1375 3238 ex
1421 3174 1606 3237 bono
1652 3184 1781 3249 est,
1831 3173 2252 3256 significatur
2295 3194 2415 3256 per
2459 3173 2638 3255 quod

407 3268 719 3332 “stultus
750 3268 1114 3332 stultitiam
1148 3268 1464 3352 loquatur
1496 3269 1583 3332 ad
1616 3269 2084 3333 evacuandum
2122 3278 2195 3334 et
2231 3269 2320 3332 ad
2350 3267 2641 3331 deficere

403 3361 786 3426 faciendum
824 3363 1179 3426 animam.”
1265 3363 1474 3446 Apud
1514 3363 1830 3438 eundem,

498 3509 663 3560 “Erit
696 3510 834 3559 sicut
867 3521 987 3558 cum
1022 3509 1258 3558 somniat
1286 3509 1580 3566 famelicae,
1610 3509 1762 3572 quasi
1798 3516 1942 3558 esset
1969 3507 2275 3567 comedetur„
2303 3505 2400 3557 sed
2427 3507 2643 3570 quando

664 3575 900 3637 evigilat,
928 3574 1117 3637 jejuna
1144 3585 1227 3624 est
1260 3574 1445 3624 anima
1478 3574 1629 3636 ejus:
1671 3584 1726 3622 et
1752 3575 1968 3638 quando
1995 3573 2229 3622 somniat
2259 3574 2462 3631 sitiens,
2492 3575 2642 3636 quasi

666 3649 812 3690 esset
834 3641 1040 3698 bibens»,
1065 3640 1160 3690 sed
1185 3639 1400 3703 quando
1424 3639 1657 3702 evigilat,
1683 3653 1804 3688 ecce
1833 3639 2022 3698 lassuz,
2048 3649 2103 3687 et
2129 3639 2312 3687 anima
2338 3638 2456 3699 ejus
2483 3653 2645 3700 appe·

664 3714 819 3762 tens:
852 3705 931 3755 sle
954 3707 1055 3755 erit
1078 3705 1364 3754 multitudo
1382 3705 1624 3754 omnium
1644 3707 1884 3768 gentium
1909 3704 2254 3754 militantium
2280 3712 2469 3752 contra
2492 3717 2646 3752 mon-

666 3780 777 3821 tem
801 3769 1031 3821 Zionis”
1054 3769 1215 3833 (xxix.
1242 3771 1323 3832 8):

402 3917 571 3984 haec
606 3915 790 3981 dieta
821 3927 980 3981 sunt
1013 3915 1097 3980 de
1128 3915 1261 3979 illis
1288 3915 1399 3998 qui
1432 3917 1497 3980 in
1530 3915 1715 3980 falsis
1739 3937 1830 3980 ex
1864 3913 2048 3980 malo
2079 3924 2260 3990 sunt,
2289 3924 2362 3980 et
2392 3926 2643 3997 putant

404 4032 614 4097 usque
654 4010 772 4074 illa
803 4032 952 4075 esse
986 4031 1146 4075 vera
1184 4033 1273 4074 ex
1313 4012 1534 4089 bono;
1583 4010 1754 4074 falsa
1790 4010 1952 4074 mali
1992 4011 2370 4093 pugnantia
2400 4019 2646 4073 contra

402 4107 583 4171 bona
622 4106 979 4182 ecclesiae,
1012 4103 1536 4188 “lsignificantur
1574 4127 1694 4189 per
1735 4105 2300 4170 “multitudinem
2341 4105 2642 4167 omnium

404 4203 714 4285 gentium
749 4200 1187 4265 militantium
1214 4209 1457 4264 contra
1484 4210 1793 4264 montem
1821 4199 2051 4264 Zionis
2075 4199 2128 4277 ;”
2167 4205 2208 4233 ‘⁶
2227 4198 2596 4262 multitudo
2617 4199 2645 4221 '’

404 4297 837 4381 praedicatur
872 4296 958 4359 de
988 4297 1185 4372 veriS,
1225 4300 1529 4377 “gentes
1546 4295 1576 4319 '⁹
1609 4294 1996 4377 significant
2034 4293 2236 4368 mala,
2271 4302 2345 4357 et
2381 4297 2422 4324 ‘⁴
2446 4312 2644 4355 mons

406 4390 685 4457 Zionis”
728 4389 1068 4472 significat
1114 4389 1477 4454 ecclesiam
1524 4390 1751 4473 quoad
1804 4389 2059 4453 bonum
2107 4390 2394 4453 amoris:
2461 4386 2643 4449 mala

406 4507 577 4570 quae
632 4486 1002 4552 creduntur
1053 4505 1203 4550 esse
1258 4487 1460 4562 bona,
1517 4504 1672 4548 cum
1737 4494 1970 4548 tamen
2024 4494 2184 4548 sunt
2236 4482 2420 4547 mala
2468 4481 2643 4554 salsi,

407 4579 879 4664 significantur
936 4600 1055 4663 per
1109 4579 1318 4643 “Erit
1378 4581 1554 4644 sicut
1614 4579 1964 4644 somnians
2022 4577 2393 4654 famelicuS,
2455 4576 2646 4659 quasi
