3259 5384
639 681 810 747 2294
1263 673 1769 728 APOCALYPSIS
1814 673 2269 728 EXPLICATA.

639 849 772 915 fide
803 859 1121 932 separata
1156 869 1198 914 a
1232 848 1376 914 vita
1405 846 1567 930 ejuS,
1601 867 1774 930 quae
1806 855 1915 912 est
1946 847 2281 912 charitas:
2330 847 2488 911 inde
2521 856 2671 911 erat
2708 847 2907 931 quod

640 946 909 1029 quoties
941 943 1054 1008 filii
1093 943 1365 1008 Israelis
1397 943 1832 1008 desciverunt
1868 962 1913 1006 a
1946 941 2137 1006 cultu
2164 941 2467 1024 Jehovae
2505 943 2595 1006 ad
2632 942 2909 1006 cultum

641 1039 926 1105 aliorum
987 1039 1293 1114 deorum,
1349 1036 1586 1102 traditi
1642 1037 1783 1102 sint
1840 1035 2155 1102 hostibus
2210 1038 2371 1112 suis,
2428 1047 2549 1102 aut
2612 1035 2703 1100 ab
2770 1035 2911 1100 iuis

643 1131 843 1212 νίἑὶίς
894 1142 968 1196 ut

749 1277 908 1340 Quod
942 1275 1125 1326 traditi
1165 1251 1506 1326 philisthaeis
1542 1276 1669 1334 sint,
1704 1283 1759 1325 et
1800 1273 1907 1325 uus
1942 1275 2263 1326 serviverint
2298 1274 2597 1326 odiodeeim
2632 1275 2818 1336 annis.
2858 1285 2913 1323 et

909 1351 1100 1404 postea
1122 1341 1481 1406 quadraginta
1499 1341 1661 1390 annis
1682 1339 1893 1406 (Jmfic.
1916 1355 2032 1404 cap.
2054 1355 2127 1401 κ..
2152 1355 2266 1404 cap.
2292 1343 2459 1404 xiii.);

647 1503 768 1567 per
819 1481 1002 1566 quod
1055 1480 1720 1563 repraesentabatur,
1776 1481 1957 1564 quod
2006 1482 2414 1546 recesserint
2468 1503 2511 1546 a
2562 1482 2759 1546 cultu
2818 1502 2913 1545 ex

649 1579 833 1640 bono
864 1577 1114 1640 amoris
1144 1585 1215 1640 et
1255 1576 1431 1640 veris
1462 1572 1620 1639 fidei
1651 1575 1739 1638 ad
1778 1575 2037 1639 cultum
2074 1596 2163 1638 ex
2198 1575 2383 1640 malo
2413 1575 2661 1640 amoris
2698 1587 2779 1640 et
2818 1597 2915 1640 ex

649 1671 834 1736 falsis
870 1668 1064 1734 fidei:
1116 1668 1425 1736 similiter

749 1805 908 1870 Quod
937 1805 1031 1855 filii
1063 1804 1281 1855 Israelis
1305 1801 1434 1854 vieti
1462 1815 1517 1854 et
1544 1805 1819 1868 angustati
1844 1805 1957 1856 sint
1982 1819 2018 1856 a
2046 1803 2391 1856 philisthaeis
2424 1805 2473 1867 (1
2504 1807 2645 1856 Sam.
2672 1819 2798 1869 cap.
2826 1807 2915 1864 iv..

914 1885 1029 1934 cap.
1056 1871 1181 1930 xiii..
1206 1884 1319 1933 cap.
1345 1871 1550 1930 xxviii„
1575 1885 1691 1934 cap.
1716 1871 1875 1930 xxix„
1900 1885 2015 1934 cap.
2040 1870 2232 1933 xxxi.);

653 2019 727 2076 at
771 2029 926 2075 cum
965 2009 1080 2073 filii
1121 2009 1391 2074 Israelis
1427 2010 1776 2073 redierunt
1813 2010 1900 2072 ad
1946 2009 2207 2073 cultum
2240 2009 2566 2092 jehovae,
2604 2011 2723 2094 qui
2760 2021 2918 2075 erat

653 2104 878 2170 cultus
914 2125 1005 2168 ex
1041 2105 1227 2168 bono
1261 2105 1510 2168 amoris
1545 2113 1618 2167 et
1657 2123 1747 2166 ex
1786 2105 1963 2167 veris
2001 2101 2177 2179 fidei,

751 2247 895 2298 Victi
929 2258 1056 2300 sunt
1095 2228 1407 2300 philisthaei
1443 2247 1522 2311 (ut
1559 2263 1582 2298 1
1625 2249 1764 2298 Sam.
1800 2264 1915 2312 cap.
1956 2249 2067 2310 vii..
2104 2265 2219 2313 cap.
2254 2251 2395 2311 xiim
2438 2263 2469 2300 2
2508 2251 2648 2300 Sana.
2682 2265 2805 2314 cap.
2842 2267 2917 2308 v..

916 2329 1031 2378 cap.
1057 2315 1180 2372 viii..
1205 2329 1320 2378 cap.
1346 2314 1470 2374 xxi„
1494 2328 1608 2376 cap.
1636 2315 1782 2364 xxiii.
1804 2328 1816 2374 3
1854 2327 1883 2364 2
1908 2315 2030 2380 Reg.
2055 2329 2170 2378 cap.
2196 2315 2379 2378 xviii).

657 2467 861 2552 Quod
892 2468 1216 2532 historica
1243 2467 1364 2532 illa
1385 2467 1552 2533 talia
1575 2467 1956 2544 involvant,
1984 2487 2122 2533 non
2156 2477 2389 2552 potest
2422 2469 2548 2533 nisi
2579 2489 2787 2553 quam
2821 2491 2917 2534 ex

607 2624 622 2634 ‚
659 2564 829 2627 serie
853 2582 1076 2626 rerum
1099 2563 1190 2626 ibi
1214 2563 1711 2646 descriptarum
1742 2564 1808 2627 in
1834 2583 2035 2626 sensu
2059 2564 2334 2627 interno
2358 2563 2649 2628 lustrata
2668 2565 2913 2642 videri,

658 2678 862 2742 quam
901 2659 1007 2722 hic
1048 2658 1288 2722 sistere
1325 2679 1463 2723 non
1502 2669 1747 2738 vacat3
1796 2678 2002 2742 quare
2039 2657 2261 2722 solum
2301 2679 2505 2722 unum
2546 2659 2774 2723 locum
2822 2683 2917 2725 ex

657 2753 1075 2837 propheticis
1137 2752 1349 2817 Verbi
1411 2753 1573 2818 licet
1633 2754 1995 2828 adducere,
2056 2773 2148 2816 ex
2206 2773 2343 2837 quo
2401 2754 2667 2836 patebit
2728 2757 2917 2838 quod

657 2848 825 2913 talia
853 2849 1184 2913 ecclesiae
1222 2851 1289 2913 in
1329 2849 1667 2914 historicis
1704 2848 1839 2912 illis
1874 2867 1995 2930 per
2031 2848 2483 2912 Philisthaeos
2514 2869 2917 2930 repraesen-

657 2954 810 3008 tata
843 2945 979 3008 sint
1004 2944 1212 3009 :-Ut
1252 2944 1432 3027 apud
1473 2943 1783 3020 Esaiam,

759 3085 789 3108 ‘⁸
801 3083 852 3134 N
855 3100 884 3134 e
909 3086 1136 3146 laeteris,
1161 3085 1497 3136 philisthaea
1524 3095 1661 3135 tota.
1683 3123 1720 3144 .,
1741 3083 1885 3148 quod
1910 3080 2085 3134 fracta
2099 3084 2171 3134 sit
2194 3084 2348 3147 virga
2364 3086 2668 3148 percutiens
2691 3095 2765 3145 te,
2784 3102 2918 3140 nam

921 3167 953 3200 e
987 3153 1162 3202 radice
1189 3153 1459 3230 serpentis
1499 3151 1667 3229 exibit
1703 3151 1997 3208 basiliscus,
2026 3149 2179 3212 cujus
2214 3147 2419 3228 {ructus
2454 3161 2661 3214 prester
2686 3153 2917 3205 volans:

925 3227 1997 3342 {rasis‘1335‘2232‘2252322535222
2015 3215 2922 3348 ffezfsssffiziss‘affimffi

923 3357 1093 3412 porta,
1117 3350 1293 3399 clama
1317 3353 1460 3410 urbs,
1484 3347 1774 3416 liquefacta
1791 3359 1874 3400 est
1904 3349 2246 3408 Philisthaea,
2266 3360 2324 3399 tu
2349 3359 2477 3408 tota,
2496 3351 2620 3414 quia
2642 3367 2675 3401 a
2696 3363 2921 3415 septen·

924 3415 1100 3466 trione
1125 3415 1306 3465 furnus
1333 3417 1498 3475 venit,
1525 3431 1624 3468 nec
1650 3417 1922 3467 solitarius
1956 3416 2011 3464 in
2043 3417 2401 3466 conventibus
2423 3417 2545 3466 tuis.
2614 3417 2759 3480 Quid
2786 3427 2920 3467 tune

925 3481 1288 3543 respondebit,
1317 3481 1480 3544 legati
1505 3483 1720 3546 gentis?
1752 3483 1895 3548 quod
1918 3481 2165 3546 Jehovah
2184 3481 2491 3532 fundaverit
2512 3480 2755 3542 Zionem,
2778 3493 2839 3534 et
2860 3485 2919 3533 in

921 3559 990 3595 ea
1011 3547 1306 3608 sperabunt
1331 3548 1515 3600 miseri
1541 3547 1725 3611 populi
1750 3547 1869 3611 ejus
1885 3544 1913 3567 ”
1938 3547 2065 3606 (xiv.
2092 3547 2301 3610 29—32):

661 3700 1068 3764 describitur
1110 3699 1218 3765 hic
1270 3700 1708 3778 Philisthaea,
1758 3723 1932 3786 quae
1978 3699 2317 3782 significat
2363 3700 2745 3776 ecclesiam,
2793 3723 2917 3767 seu

660 3794 816 3858 illos
848 3795 915 3857 in
941 3794 1250 3871 ecclesia,
1279 3797 1394 3880 qui
1419 3798 1695 3880 quidem
1728 3798 1793 3860 in
1818 3797 1993 3859 veris
2024 3817 2115 3858 ex
2148 3815 2350 3858 sensu
2376 3793 2647 3859 litterae
2674 3796 2914 3874 Verbi,

661 3899 782 3954 aut
811 3911 902 3952 ex
939 3888 1072 3954 alia
1103 3890 1542 3968 revelatione,
1577 3903 1759 3968 sunt,
1793 3901 1865 3957 et
1902 3912 2115 3975 usque
2143 3889 2212 3953 in
2244 3891 2500 3971 spurcis
2530 3891 2914 3971 amoribus3

663 3984 842 4047 unde
887 4005 1050 4046 vera
1094 3985 1364 4050 illorum
1413 4008 1551 4051 non
1595 3989 1877 4065 vivunt;
1932 3995 2005 4051 et
2051 4005 2212 4049 vera
2256 4004 2429 4068 quae
2475 4004 2611 4047 non
2650 3987 2912 4062 vivunt,

662 4088 1024 4143 vertuntur
1068 4081 1135 4142 in
1183 4081 1372 4158 salsa,
1424 4083 1584 4146 dum
1629 4106 1669 4148 e
1714 4085 2136 4167 cogitatione
2183 4082 2547 4154 exteriore,
2587 4101 2761 4164 quae
2804 4093 2915 4148 est

661 4175 997 4256 cogitatio
1052 4177 1369 4258 proxima
1427 4178 1762 4262 loquelae,
1818 4181 1886 4244 in
1948 4179 2441 4263 cogitationem
2496 4177 2910 4254 interiorem,

662 4291 836 4354 quae
881 4280 989 4334 cst
1037 4271 1450 4349 intellectu&
1499 4284 1572 4339 et
1619 4277 1894 4359 quando
1936 4278 2045 4341 hic
2092 4276 2427 4360 expendit
2472 4293 2637 4336 vera
2678 4273 2747 4334 in
2792 4293 2917 4336 sua

663 4366 945 4448 origine,
987 4389 1161 4452 quae
1209 4369 1304 4434 illi
1349 4373 1461 4454 qui
1507 4391 1628 4454 per
1670 4374 2223 4441 “Philisthaeos”
2261 4372 2739 4455 intelliguntur
2772 4387 2913 4432 non

662 4461 937 4528 vident:
987 4466 1170 4550 quod
1207 4485 1344 4531 non
1382 4469 1683 4545 videant,
1724 4482 1831 4535 est
1879 4492 2101 4547 causa,
2143 4472 2298 4556 quia
2332 4469 2622 4535 facultas
2659 4461 2911 4529 intelli·

662 4561 870 4640 gendi
939 4573 1044 4627 est
1111 4563 1320 4627 cuivis
1384 4565 1662 4639 homini,
1726 4569 1931 4632 etiam
1994 4568 2197 4643 malo,
2262 4567 2381 4631 sed
2450 4584 2588 4629 non
2654 4562 2911 4624 bonum

663 4657 1058 4736 voluntatis,
1115 4659 1297 4742 quod
1355 4669 1464 4725 est
1522 4661 1777 4726 bonum
1831 4663 2053 4743 vitae3
2117 4663 2249 4727 hoc
2308 4661 2488 4726 enim
2550 4658 2761 4723 oritur
2816 4673 2909 4717 ex
