3259 5384
661 667 836 732 2240·
1286 666 1781 721 APOCALYPSIS
1828 668 2278 720 EXPLICATA.

662 838 810 896 “ex
851 834 1003 898 Deo
1039 837 1243 912 nati,”
1280 847 1439 900 sunt
1477 841 1588 920 qui
1628 859 1749 920 per
1784 859 1944 902 vera
1989 836 2079 902 ex
2113 838 2371 914 Verbo,
2410 848 2481 902 et
2520 857 2647 920 per
2683 839 2901 902 vitam

659 929 1030 992 secundum
1063 930 1200 1006 illa,
1227 951 1268 993 a
1299 932 1596 996 Domino
1627 933 2013 1014 regenerati
2046 944 2245 1011 sunt;
2293 932 2364 996 hi
2408 942 2569 996 sunt
2602 933 2723 1015 qui
2756 949 2905 996 cre-

658 1021 832 1085 dunt
863 1024 930 1086 in
957 1045 1206 1088 nomen
1235 1025 1530 1100 Domini,
1559 1047 1637 1090 ac
1672 1028 1829 1090 inde
1859 1027 2031 1090 “filii
2065 1027 2193 1090 Dei
2210 1027 2241 1052 '⁹
2265 1037 2621 1091 vocantur.
2712 1026 2905 1089 Talis

661 1115 830 1180 fides
865 1137 1005 1181 non
1043 1130 1150 1183 est
1187 1119 1356 1184 fides
1394 1119 1751 1184 doeiorum
1788 1122 2119 1186 ecclesiae
2164 1123 2387 1186 hodie.

779 1218 956 1301 803
965 1219 1106 1302 [aJ.
1164 1221 1284 1284 “ft
1319 1222 1466 1300 deta
1508 1224 1574 1285 oi
1602 1229 1886 1304 potestas
1919 1243 2109 1305 supet·
2138 1241 2373 1287 omnem
2390 1223 2658 1294 Aribemr,
2694 1227 2765 1284 et
2792 1220 2907 1282 Ιὶη-

653 1331 843 1393 gnam
876 1320 942 1375 or
965 1315 1566 1397 quantumst—Quod
1600 1317 1937 1398 significet
1974 1319 2493 1381 dominationem
2524 1327 2740 1398 super
2770 1337 2909 1380 om-

659 1406 778 1468 nia
798 1427 962 1471 vera
989 1418 1055 1471 et
1081 1407 1250 1471 bona
1270 1409 1594 1486 ecclesiae,
1619 1421 1684 1472 et
1711 1421 1917 1492 super
1934 1412 2313 1474 doc‘Zrinam
2324 1411 2504 1493 fidei
2528 1419 2596 1472 et
2616 1411 2905 1485 amoris,

657 1509 937 1564 constat
982 1522 1074 1564 ex
1120 1501 1620 1584 significatione
1670 1511 1709 1537 ‘⁴
1736 1503 2170 1587 potestatis,”
2212 1504 2396 1587 quod
2450 1504 2541 1568 sit
2582 1505 2907 1568 domina-

657 1595 797 1671 tio;
857 1615 948 1656 ex
1000 1596 1501 1677 significatione
1557 1597 1897 1672 “tribus,”
1940 1597 2126 1680 quod
2177 1600 2315 1662 sint
2368 1618 2534 1662 vera
2590 1607 2669 1660 et
2724 1597 2907 1660 bona

587 1717 605 1731 κ
657 1687 994 1751 ecclesiae
1053 1689 1120 1752 in
1177 1708 1432 1770 genere
1491 1706 1574 1766 (de
1614 1719 1715 1764 qua
1754 1719 1912 1766 supra,
1954 1721 2002 1754 n.
2048 1707 2146 1772 39,
2192 1707 2333 1772 330,
2373 1707 2519 1770 430,
2562 1708 2722 1771 431,
2762 1707 2907 1772 454.

654 1780 847 1861 657);
894 1802 984 1844 ex
1019 1781 1518 1863 significatione
1558 1784 1953 1866 “linguae‚”
1984 1786 2166 1868 quod
2200 1787 2290 1848 sit
2322 1783 2641 1849 doetrina
2673 1785 2901 1849 eccle·

657 1877 818 1950 siae,
846 1886 992 1939 tum
1025 1876 1366 1940 consessio
1389 1887 1460 1942 et
1493 1879 1739 1960 religio
1764 1886 1850 1942 (de
1871 1909 1970 1954 qua
1988 1897 2135 1942 etiam
2160 1909 2321 1955 supra.
2344 1909 2391 1942 n.
2420 1897 2453 1960 3
2462 1897 2560 1960 30.
2578 1895 2672 1960 45
2684 1895 2739 1961 5.
2760 1881 2907 1960 625,

656 1968 830 2049 657),
859 1969 966 2034 hic
993 1971 1307 2036 doetrina
1331 1971 1488 2036 fidei
1514 1994 1529 2050 ;
1574 1984 1646 2036 et
1678 1993 1769 2036 ex
1802 1973 2307 2055 significatione
2336 1982 2375 2008 ⁶·
2392 1971 2694 2056 gentiS,'’
2717 1974 2905 2058 quod

656 2063 748 2125 sit
785 2063 1042 2128 bonum
1086 2067 1361 2141 amoriS,
1395 2075 1543 2130 turn
1589 2064 1903 2130 doetrina
1947 2069 2199 2131 amoris
2242 2077 2315 2132 et
2352 2067 2509 2130 inde
2554 2067 2903 2131 ecclesiae

658 2173 744 2230 (de
763 2186 863 2231 qua
881 2188 1041 2233 supra,
1065 2189 1112 2221 n.
1144 2174 1278 2240 175,
1312 2176 1453 2241 331,
1480 2160 1625 2240 625,
1654 2160 1843 2240 657):
1892 2161 2053 2224 inde
2088 2171 2411 2225 constare
2442 2171 2687 2242 potest
2720 2160 2905 2244 quod

657 2268 776 2330 per
807 2250 990 2331 quod
1026 2257 1396 2333 “potestas
1441 2252 1605 2315 data
1643 2252 1731 2315 sit
1770 2252 2033 2316 bestiae
2070 2273 2271 2335 super
2306 2273 2581 2340 omnem
2624 2254 2901 2328 tribum,

658 2352 731 2405 et
769 2342 1070 2426 linguam
1104 2356 1175 2409 et
1207 2345 1550 2428 gentem,’'
1575 2345 1993 2428 significetur
2016 2347 2396 2410 dominatio
2432 2368 2639 2430 super
2674 2349 2905 2411 omnia

656 2455 818 2500 vera
854 2448 924 2501 et
958 2438 1138 2501 bona
1169 2439 1522 2514 ecclesiae,
1551 2449 1621 2502 et
1660 2459 1859 2522 super
1888 2437 2269 2504 dostrinam
2306 2441 2461 2506 fidei
2494 2451 2568 2505 et
2601 2443 2901 2519 amoris;

657 2541 729 2594 et
775 2533 930 2614 quia
984 2553 1104 2614 per
1152 2534 1506 2596 “bestiam
1523 2534 1553 2559 ''
1599 2533 2017 2615 significatur
2060 2533 2230 2599 fides
2282 2547 2601 2619 separata
2666 2559 2712 2601 a
2754 2539 2899 2600 vita

658 2647 776 2708 per
811 2629 1168 2690 ratiocinia
1204 2649 1296 2691 ex
1335 2628 1625 2691 naturali
1674 2629 1951 2692 homine
1997 2631 2439 2695 corroborata
2484 2642 2556 2695 et
2594 2631 2891 2705 firmata,

659 2723 960 2803 sequitur
1004 2722 1184 2805 quod
1245 2723 1358 2786 isti
1407 2720 1562 2785 fidei
1623 2722 1789 2785 data
1846 2724 1935 2786 sit
1983 2724 2363 2788 dominatio
2422 2745 2624 2808 super
2671 2727 2901 2789 omnia

658 2815 995 2878 ecclesiae
1034 2825 1105 2879 et
1143 2815 1286 2896 ejus
1323 2814 1697 2879 doetrinae.
1787 2816 1991 2898 Quod
2038 2819 2099 2882 ei
2144 2818 2311 2883 data
2355 2822 2443 2884 sit
2490 2821 2899 2897 dominatio,

657 2917 850 2991 patet
897 2929 987 2972 ex
1021 2930 1125 2984 eo,
1160 2910 1340 2992 quod
1387 2910 1537 2973 sola
1573 2909 1741 2974 fides
1774 2912 1861 2973 sit
1896 2911 2273 2976 universale
2306 2914 2713 2997 principium
2746 2935 2901 2997 reg-

657 3021 828 3066 nans
875 3005 941 3066 in
981 3003 1314 3079 ecclesiis»,
1355 3015 1709 3086 assumpta
1754 3007 1933 3068 enim
1972 3015 2080 3069 est
2119 3027 2243 3089 pro
2279 3009 2631 3072 essentiali
2674 3011 2901 3074 medio

655 3095 918 3172 salutis,
946 3098 1127 3180 quod
1150 3099 1357 3160 etiam
1391 3099 1750 3161 manifeste
1776 3109 1971 3180 patet
1997 3119 2037 3162 a
2068 3098 2393 3164 do&rinis
2424 3102 2895 3178 ecclesiarum,

654 3199 802 3252 tum
835 3211 926 3253 ex
958 3192 1384 3254 confessione
1415 3193 1550 3254 oris
1575 3191 1929 3256 hominum
1962 3193 2315 3270 ecclesiae,
2342 3207 2415 3260 et
2447 3197 2513 3258 in
2548 3199 2899 3262 communi

654 3305 744 3347 ex
784 3285 926 3348 vita
971 3305 1248 3363 eorum3
1305 3296 1376 3349 et
1422 3306 1511 3349 ex
1558 3306 1664 3360 e0,
1706 3287 1886 3368 quod
1934 3307 2071 3350 non
2118 3289 2339 3353 sciant
2386 3292 2546 3372 quid
2594 3293 2899 3356 charitas

655 3389 727 3442 et
774 3399 986 3454 amor,
1027 3381 1313 3462 proinde
1349 3379 1506 3461 quid
1556 3399 1798 3462 opera:
1850 3390 1921 3443 et
1958 3381 2113 3463 quia
2156 3382 2315 3446 talis
2360 3393 2468 3446 est
2512 3384 2898 3450 dominatio

655 3473 809 3537 fidei
857 3484 1233 3556 separatae,
1275 3475 1430 3538 ideo
1475 3476 1683 3537 etiam
1731 3487 1836 3538 est
1882 3477 1943 3540 ei
1989 3477 2369 3540 dominatio
2414 3497 2614 3560 super
2662 3481 2893 3544 omnia

652 3587 814 3630 vera
849 3578 922 3631 et
968 3568 1149 3630 bona
1193 3568 1546 3642 ecclesiae,
1586 3588 1758 3650 quae
1804 3569 2211 3651 exstinguit,
2250 3571 2703 3650 falsificand0‚
2746 3595 2895 3658 per-

653 3661 989 3726 vertendo
1013 3672 1085 3724 et
1111 3662 1564 3726 adulterando
1595 3663 1715 3724 illa
1743 3683 1759 3740 ;
1807 3682 1968 3726 nam
1996 3664 2106 3726 ubi
2139 3664 2255 3726 illa
2282 3662 2451 3728 fides
2478 3665 2893 3740 dominatur,

656 3775 792 3819 non
830 3755 1117 3838 amplius
1153 3765 1260 3819 est
1298 3755 1570 3837 aliquod
1609 3757 1886 3832 bonum,
1925 3767 1995 3820 et
2042 3758 2200 3821 inde
2240 3777 2364 3821 nec
2404 3779 2659 3822 verum.
2758 3760 2895 3824 No·

657 3861 806 3914 tum
838 3860 944 3914 est
977 3851 1157 3932 quod
1191 3849 1358 3914 fides
1395 3871 1484 3914 ex
1517 3869 1749 3913 amore
1782 3853 1869 3914 sit
1900 3852 2267 3915 essentiale
2300 3853 2595 3916 medium
2630 3855 2893 3928 salutis,

657 3954 728 4008 et
767 3945 948 4026 quod
993 3945 1152 4007 inde
1195 3946 1285 4008 sit
1323 3945 1721 4026 principium
1760 3943 2111 4010 doetrinae
2157 3946 2526 4025 ecclesiae;
2575 3951 2705 4010 sed
2743 3950 2893 4033 quia

659 4039 946 4102 interest
983 4039 1156 4101 scire
1193 4038 1540 4122 quomodo
1584 4038 1793 4101 homo
1838 4039 1906 4102 in
1951 4039 2409 4104 illustratione
2454 4044 2674 4124 possit
2724 4063 2894 4115 esse,

661 4142 733 4196 ut
781 4131 999 4196 discat
1047 4152 1206 4196 vera
1253 4153 1426 4214 quae
1471 4132 1626 4194 fidei
1674 4133 1814 4213 ejus
1868 4143 2088 4211 erunt,
2138 4144 2208 4198 et
2266 4135 2332 4196 in
2387 4132 2773 4213 affefitione,
2824 4149 2893 4202 ut

654 4226 861 4289 faciat
897 4227 1078 4289 bona
1115 4247 1287 4309 quae
1325 4227 1572 4290 amoris
1611 4227 1751 4306 ejus
1789 4237 2007 4302 erunt,
2043 4229 2139 4291 ita
2186 4248 2347 4292 num
2392 4226 2558 4290 fides
2592 4231 2686 4292 sit
2728 4229 2893 4293 fides

657 4321 818 4395 veri,
853 4329 924 4383 et
961 4339 1154 4383 amor
1189 4322 1277 4384 sit
1315 4340 1506 4384 amor
1541 4320 1724 4396 boni,
1759 4321 2021 4384 dicetur
2052 4323 2119 4384 in
2150 4342 2273 4385 suo
2308 4323 2583 4399 ordine3
2632 4325 2749 4406 qui
2782 4324 2887 4386 hic

651 4423 758 4478 est
781 4413 1014 4497 :-—(1.)
1065 4415 1166 4479 Ut
1201 4414 1410 4478 homo
1440 4417 1679 4497 quovis
1711 4415 1821 4478 die
1858 4415 2046 4497 legat
2080 4414 2405 4492 Verbum,
2440 4436 2649 4480 unum
2686 4427 2890 4500 caput

653 4518 771 4572 aut
805 4507 960 4583 du0,
994 4527 1074 4572 ac
1112 4508 1334 4572 discat
1371 4529 1411 4570 a
1449 4511 1783 4590 magistro
1822 4519 1893 4573 et
1931 4531 2019 4572 ex
2054 4511 2677 4592 praedicationibus
2716 4512 2885 4593 dog·

651 4611 838 4665 mata
877 4603 1222 4685 religionis
1259 4621 1420 4666 suae
1444 4623 1460 4681 ;
1508 4623 1586 4666 ac
1627 4604 1951 4685 imprimis
1998 4603 2220 4668 discat
2254 4605 2437 4704 quod
2486 4604 2677 4670 Deus
2724 4625 2889 4669 unus
