3259 5384
642 677 809 727 2022
1265 676 1768 729 APOCALYPSIS
1813 676 2266 727 EXPLICATA.

640 848 865 911 tiones
912 846 1100 911 fiunt.
1194 846 1536 931 Quoniam
1585 847 2064 932 “Aegyptus”
2107 845 2447 929 significat
2497 844 2886 910 naturalem

638 942 986 1006 hominem
1019 962 1173 1007 cum
1209 942 1343 1007 illis
1374 964 1547 1026 quae
1583 945 1653 1008 in
1684 965 1790 1018 e0,
1823 953 1895 1007 et
1932 943 2047 1007 ille
2078 952 2436 1025 separatus
2466 963 2507 1006 a
2545 941 2887 1025 spirituali

636 1036 916 1100 homine
948 1038 1014 1099 in
1048 1040 1249 1101 meris
1280 1038 1466 1101 falsis
1497 1048 1629 1114 est,
1665 1038 1820 1102 ideo

744 1179 1027 1243 Aegyptus
1050 1190 1273 1231 vocatur
1294 1181 1512 1232 baculus
1535 1182 1728 1232 calami
1753 1182 1969 1245 pertusi,
1990 1183 2080 1246 qui
2109 1182 2275 1232 intrat
2297 1190 2352 1231 et
2445 1181 2615 1231 rforat
2637 1194 2886 1237 manum,

898 1247 1113 1311 quando
1136 1248 1254 1312 quis
1277 1262 1438 1311 super
1460 1262 1527 1297 eo
1551 1248 1738 1297 nititur
1760 1244 2018 1311 (umneck.
2038 1249 2182 1298 xxix.
2200 1248 2248 1307 6,
2270 1258 2299 1309 7
2319 1262 2332 1307 ;
2385 1244 2571 1297 ²JEsai.
2591 1246 2773 1295 xxxvi.
2792 1246 2849 1307 6)
2871 1260 2886 1303 ;

634 1401 811 1465 quae
847 1403 1052 1465 supra
1088 1398 1159 1459 (n.
1186 1382 1415 1463 62791)
1451 1382 1812 1465 explicata
1847 1392 2034 1447 sunt.
2118 1382 2333 1465 Apud
2368 1380 2683 1457 Esaiam,

733 1512 862 1565 “Ne
892 1514 1119 1574 laeteris,
1148 1514 1501 1566 philisthaea.
1520 1552 1558 1575 .,
1584 1514 1729 1579 quod
1757 1512 1928 1565 fracta
1955 1517 2026 1566 sit
2049 1515 2205 1579 virga
2230 1510 2283 1556 Β]
2355 1516 2633 1565 rcutientis
2657 1524 2727 1573 te,
2753 1530 2884 1564 nam

896 1594 926 1629 e
954 1580 1131 1629 radice
1159 1582 1424 1643 serpentis
1452 1580 1619 1630 exibit
1654 1580 1948 1641 basiliscus,
1977 1580 2131 1645 cujus
2165 1580 2252 1631 fru
2307 1596 2372 1631 us
2407 1592 2614 1644 prester
2641 1580 2838 1629 volans
2855 1578 2886 1599 '³

896 1645 1022 1707 (xiv.
1048 1647 1159 1708 29):

633 1786 816 1870 quod
854 1808 975 1871 per
1008 1792 1047 1819 ‘⁴
1070 1785 1609 1852 Philisthaeam”
1645 1786 2073 1870 significetur
2108 1787 2348 1871 religio
2385 1788 2470 1853 de
2507 1786 2638 1853 fide
2675 1808 2880 1871 sepa·

632 1890 786 1945 rata
818 1903 861 1946 a
896 1882 1257 1957 charitate,
1294 1902 1413 1965 per
1450 1882 1806 1947 “radicem
1845 1885 2184 1966 serpentis
2200 1883 2230 1907 ”
2269 1884 2670 1967 principium
2709 1883 2886 1947 illud

633 1974 899 2052 falsum,
939 1997 1058 2060 per
1092 1976 1538 2040 “basiliscum
1556 1975 1587 2001 ’⁹
1617 1974 1994 2042 destruetio
2030 1979 2191 2042 boni
2229 1988 2302 2041 et
2336 1979 2480 2041 veri
2517 1977 2881 2049 ecclesiae.

634 2081 705 2135 et
752 2091 871 2154 per
920 2076 1353 2153 “presterem
1401 2070 1802 2136 volantem”
1846 2072 2280 2136 ratiocinatio
2326 2092 2416 2135 ex
2462 2072 2646 2135 salsis
2689 2072 2882 2143 mali,

633 2162 948 2226 videatur
984 2183 1189 2245 supra
1220 2178 1291 2239 (n.
1324 2162 1588 2243 386[1]);
1635 2164 1734 2228 ita
1777 2164 2025 2227 similia
2069 2184 2192 2246 per
2233 2164 2362 2227 hos
2402 2170 2828 2246 “serpentes
2849 2164 2886 2188 '⁹

632 2254 1101 2337 significantur
1124 2274 1299 2337 quae
1332 2275 1451 2336 per
1480 2254 1952 2319 “draconem'’
1978 2257 2044 2319 in
2077 2256 2208 2320 hoc
2243 2256 2467 2338 capite
2492 2254 2886 2337 Apocalyp-

631 2368 775 2411 seos
801 2371 827 2411 .·
860 2349 1040 2431 quod
1065 2354 1104 2381 “
1124 2347 1541 2413 Philisthaea
1568 2369 1706 2411 non
1733 2346 2106 2413 laetaretur
2126 2350 2308 2433 quod
2335 2347 2546 2413 fracta
2571 2350 2658 2414 sit
2681 2350 2884 2431 virga

631 2439 1131 2526 fflpercutientis
1178 2441 1430 2519 illam,”
1459 2442 1803 2526 significat
1837 2443 2019 2527 quod
2067 2464 2204 2507 non
2253 2443 2660 2527 gloriaretur
2689 2446 2885 2528 quod

631 2538 1005 2601 dominium
1048 2536 1226 2601 illius
1272 2535 1418 2600 falsi
1462 2538 1768 2601 nondum
1814 2536 2238 2603 destructum
2274 2538 2384 2602 sit.
2475 2536 2684 2621 Apud
2725 2536 2880 2600 Ho-

628 2632 913 2709 scheam,

727 2772 1009 2836 “Populus
1038 2788 1189 2824 meus
1217 2773 1448 2837 lignum.
1468 2774 1804 2837 ,interrogat
1831 2784 1888 2824 et
1913 2774 2136 2825 baculus
2163 2774 2282 2838 ejus
2308 2775 2602 2837 respondet
2629 2774 2720 2833 illi,
2746 2776 2886 2838 quia

888 2840 1106 2902 spiritus
1126 2840 1511 2889 scortationum
1531 2840 1758 2900 seduxit,
1777 2849 1832 2889 et
1855 2841 2073 2890 scot-tati
2097 2850 2224 2890 sunt
2241 2842 2342 2890 sub
2359 2842 2462 2889 deo
2481 2854 2580 2890 suo
2596 2838 2626 2859 ⁰·
2643 2840 2731 2903 (iv.
2753 2842 2838 2901 η)
2863 2860 2880 2893 t

627 2982 798 3046 haec
837 2983 923 3046 de
960 2979 1430 3046 falsificatione
1467 2982 1721 3061 Verbi;
1768 2992 1841 3046 et
1879 3003 2000 3064 per
2033 2982 2512 3063 “interrogare
2549 2981 2884 3064 lignum,”

544 3074 552 3083 ’
627 3096 747 3140 seu
792 3076 1049 3140 idolum
1092 3097 1182 3139 ex
1231 3076 1439 3158 ligno,
1481 3076 1904 3158 significatur
1939 3076 2293 3141 consulere
2337 3076 2880 3159 intelligentiam

626 3190 717 3233 ex
766 3173 1036 3253 proprio
1082 3191 1255 3255 quae
1299 3166 1483 3235 favet
1529 3171 1873 3234 amoribus
1919 3170 2101 3251 ejus;
2149 3192 2268 3253 per
2305 3172 2488 3254 quod
2531 3170 2882 3233 “baculus

625 3267 1037 3348 respondeat
1076 3265 1221 3328 illi”
1245 3264 1665 3347 significatur
1700 3265 1944 3330 salsum
1981 3265 2088 3329 cui
2125 3262 2292 3329 fides
2327 3264 2661 3341 habetur3
2705 3284 2880 3328 nam

625 3379 781 3425 cum
826 3362 1170 3443 proprium
1215 3358 1611 3434 consulitur,
1659 3360 2032 3442 respondet
2077 3361 2137 3424 ei
2182 3359 2466 3437 falsum3
2523 3359 2878 3441 proprium

624 3464 734 3518 est
779 3454 1178 3529 voluntatiS,
1228 3454 1325 3517 ita
1370 3454 1642 3529 amoriS,
1691 3464 1765 3517 et
1810 3453 2050 3517 falsum
2096 3454 2253 3517 inde
2307 3463 2414 3517 est
2453 3451 2878 3531 intellectus,

622 3550 723 3612 ita
752 3550 1195 3631 cogitationis
1224 3568 1239 3611 t
1290 3568 1409 3631 per
1435 3549 1804 3631 “spiritum
1841 3547 2396 3623 scortationum,”
2421 3550 2534 3631 qui
2565 3548 2879 3625 seduxit,

622 3642 1043 3725 significatur
1096 3643 1433 3727 cupiditas
1488 3642 1928 3719 falsificandi3
1990 3662 2110 3725 per
2165 3644 2506 3706 “scortari
2560 3643 2685 3706 sub
2735 3643 2883 3709 deo

622 3736 792 3800 sutf’
825 3736 1246 3819 significatur
1282 3736 1636 3801 falsificare
1672 3757 1832 3800 vera
1867 3736 2100 3800 Verbi.
2191 3736 2303 3799 Ex
2341 3736 2447 3799 his
2487 3756 2661 3800 nunc
2699 3756 2882 3800 con-

620 3841 808 3895 stare
845 3840 1077 3913 potest
1114 3831 1273 3915 quid
1312 3829 1735 3913 significatur
1773 3851 1892 3914 per
1927 3832 2243 3913 “virgam
2263 3830 2294 3857 '⁸
2331 3840 2403 3895 et
2443 3852 2562 3914 per
2603 3833 2884 3894 “bacu-

622 3923 760 3988 lum
778 3923 808 3950 ”
839 3926 907 3988 in
947 3936 1233 4008 utroque
1272 3946 1513 4003 sensu;
1562 3926 1720 3989 inde
1759 3945 1936 3988 nunc
1985 3926 2139 3989 sciri
2185 3934 2418 4007 potest
2457 3926 2617 4008 quid
2655 3926 2883 4007 signi-—

619 4016 859 4083 fleatur
903 4040 1024 4102 per
1063 4022 1380 4101 “virgam
1420 4018 1727 4094 ferream,
1768 4040 1901 4104 qua
1946 4018 2120 4083 filius
2167 4019 2509 4096 masculus
2549 4029 2882 4102 pasturus

617 4114 707 4177 sit
746 4132 984 4177 omnes
1020 4123 1268 4195 gentes
1292 4113 1346 4193 ;''
1392 4115 1703 4179 similiter
1742 4135 1859 4197 per
1896 4113 2064 4177 haec
2105 4113 2170 4176 in
2209 4110 2644 4195 Apocalypsi,

716 4258 841 4310 “Ex
869 4274 962 4309 ore
977 4259 1005 4281 '⁹
1030 4258 1315 4309 insidentis
1346 4259 1498 4325 Equo
1525 4260 1654 4310 albo
1678 4260 1833 4311 “exit
1857 4260 2152 4322 romphaea
2174 4269 2346 4319 acuta,
2370 4268 2430 4309 ut
2457 4274 2553 4323 per
2577 4258 2722 4309 illam
2749 4274 2884 4323 per-

878 4327 1042 4377 cutiat
1064 4337 1271 4389 gentes,
1294 4337 1349 4376 et
1374 4326 1471 4377 Ille
1496 4337 1680 4391 pascet
1703 4341 1795 4376 eas
1818 4326 1974 4389 virga
1999 4324 2176 4375 ferrea
2190 4324 2218 4346 ”
2242 4325 2368 4388 (xix.
2393 4322 2565 4387 1⁴115):

616 4466 765 4522 tum
802 4457 959 4540 quid
1000 4476 1120 4538 per
1155 4455 1275 4520 illa
1312 4476 1537 4539 supra,

715 4587 867 4652 “Qui
898 4588 1121 4647 vicerit..
1142 4624 1155 4639 .
1174 4624 1187 4638 .
1208 4588 1373 4639 ‚dabo
1408 4588 1485 4637 illi
1522 4596 1844 4651 potestatem
1881 4602 2044 4651 super
2077 4597 2282 4651 gentes,
2309 4596 2370 4637 ut
2405 4596 2556 4652 regat
2589 4600 2682 4639 eas
2713 4587 2882 4652 virga

876 4653 1064 4714 ferrea,
1089 4652 1225 4705 sicut
1247 4668 1381 4704 vasa
1402 4654 1626 4717 ligulina
1647 4662 1992 4705 conterentur
2007 4653 2035 4673 ”
2059 4654 2132 4718 (ii.
2157 4654 2236 4715 26.
2261 4656 2362 4717 27),
