3259 5384
970 662 1130 713 cAP.
1165 661 1318 726 x11.,
1354 661 1562 714 VERS.
1593 662 1817 728 4.—N.
1850 649 1995 730 718.
2436 663 2599 729 1973

363 829 747 905 ditionibus,
777 852 897 913 per
926 852 1096 915 quas
1124 829 1653 896 falsificaverunt
1688 830 2033 909 Verbum;
2082 840 2155 896 et
2188 829 2403 894 Verbi
2436 851 2599 894 vera

361 923 524 989 fiunt
563 927 969 990 traditiones
1001 927 1277 1008 quando
1307 929 1450 990 vita
1481 926 1841 990 charitatis
1876 925 2061 988 nulla
2092 935 2200 988 est
2226 946 2241 1004 ;
2292 925 2606 988 similiter

360 1041 518 1084 vera
556 1020 768 1085 Verbi
811 1021 980 1085 fiunt
1023 1021 1198 1085 falsa
1231 1023 1510 1104 quando
1555 1020 1726 1085 fides
1766 1030 2123 1104 separatur
2158 1041 2199 1084 a
2244 1019 2603 1083 charitate.

361 1115 474 1178 Ex
523 1115 632 1178 his
685 1124 1008 1180 constare
1047 1126 1287 1199 potest
1336 1117 1518 1200 quod
1572 1137 1695 1198 per
1734 1121 2025 1196 “regem
2064 1111 2605 1197 septentrionis”

359 1209 568 1274 etiam
605 1210 1084 1292 intelligantur
1119 1212 1232 1294 qui
1285 1211 1353 1274 in
1409 1210 1556 1273 sola
1596 1209 1729 1274 fide
1775 1218 1959 1284 sunt,
2000 1210 2131 1272 hoc
2194 1218 2321 1284 est,
2364 1208 2475 1291 qui
2534 1208 2603 1270 in

358 1303 490 1368 fide
546 1305 805 1386 absque
843 1305 1186 1368 charitate
1242 1314 1422 1368 sunt.
1515 1304 1731 1367 Iidem
1771 1303 1951 1386 apud
1988 1303 2339 1367 Danielem
2394 1303 2603 1366 etiam

359 1397 833 1480 intelliguntur
859 1419 978 1481 per
1005 1405 1048 1432 ‘⁸
1065 1397 1328 1463 hircum
1343 1397 1375 1424 ”
1398 1400 1510 1482 qui
1541 1401 1875 1481 pugnavit
1909 1416 2063 1461 cum
2090 1399 2345 1461 ariete:
2398 1397 2603 1459 iidem

358 1494 566 1556 etiam
604 1513 725 1575 per
767 1493 1137 1557 draconem
1155 1493 1186 1520 ”
1222 1495 1291 1556 in
1344 1494 1476 1557 hoc
1515 1494 1767 1576 capite,
1808 1513 1961 1556 cum
2002 1491 2383 1555 differentia
2419 1490 2603 1572 quod

357 1607 476 1669 per
497 1593 540 1620 ‘⁴
557 1588 926 1650 draconem
944 1587 974 1612 '⁹
996 1589 1262 1671 proprie
1287 1586 1769 1670 intelligantur
1788 1587 2033 1650 eruditi
2057 1587 2171 1669 qui
2198 1605 2271 1649 se
2294 1581 2604 1648 doctrina

355 1691 426 1744 et
458 1680 603 1744 vita
634 1680 1210 1745 confirmaverunt
1243 1683 1310 1745 in
1343 1681 1474 1745 fide
1506 1689 1825 1764 separata
1856 1702 1896 1744 a
1928 1681 2290 1754 charitate,
2317 1678 2386 1742 hi
2421 1679 2601 1741 enim

355 1795 697 1838 venenum
735 1776 1016 1851 habent,
1058 1777 1234 1839 sicut
1279 1776 1637 1851 draconeS,
1679 1775 1860 1858 quod
1900 1774 2312 1838 charitatem
2353 1782 2599 1836 necat:

357 1870 518 1934 inde
551 1879 658 1932 est
690 1870 870 1952 quod
904 1870 1083 1952 apud
1114 1869 1461 1934 Danielem
1491 1871 1700 1934 etiam
1735 1868 2022 1951 angelus
2055 1868 2353 1932 Michael
2380 1868 2600 1930 nomi-

357 1973 562 2027 netur
596 1961 773 2046 (cap.
802 1965 916 2025 xii.
960 1963 1044 2046 ι).
1137 1963 1340 2046 Quod
1378 1964 1474 2027 illi
1513 1973 1913 2046 pervertant
1944 1972 2017 2027 et
2050 1961 2411 2027 falsificent
2442 1981 2604 2024 vera

359 2057 578 2121 Verbi
621 2060 733 2140 qui
772 2077 977 2122 omne
1013 2058 1345 2121 ecclesiae
1384 2067 1651 2141 ponunt
1696 2061 1763 2122 in
1802 2057 2089 2131 scientia
2131 2057 2602 2139 cognitionum

358 2151 541 2229 inde,
577 2163 648 2215 et
681 2151 848 2214 nihil
881 2155 948 2214 in
982 2154 1146 2229 vita,
1173 2152 1580 2234 intelligitur
1611 2173 1732 2235 per
1766 2153 1947 2236 quod
1976 2149 2157 2216 “rex
2190 2151 2603 2234 septentrio·

359 2247 466 2309 nis
503 2246 942 2310 honoraverit
981 2247 1183 2309 deum
1223 2246 1541 2322 alienum,
1576 2266 1778 2331 quem
1819 2267 1955 2310 non
1994 2255 2332 2311 noverunt
2371 2255 2603 2328 patres

357 2340 654 2416 eorum,”
691 2351 762 2404 et
800 2341 984 2422 quod
1027 2340 1273 2404 “illum
1314 2340 1755 2405 honoraverit
1792 2362 1978 2417 aure,
2020 2350 2334 2422 argente,
2378 2338 2603 2422 lapide

355 2437 662 2520 pretioso
714 2444 785 2497 et
844 2431 1284 2516 ¹¹³margaritis
1315 2435 1369 2513 ;”
1413 2456 1534 2517 per
1582 2437 1843 2498 “deum
1860 2435 1891 2461 ”
1937 2435 2078 2516 ejus
2125 2433 2603 2515 intelliguntur

357 2549 524 2592 vera
545 2527 758 2590 Verbi
781 2527 1137 2592 falsificata
1159 2551 1176 2608 ;
1215 2531 1534 2613 quoniam
1559 2530 1669 2593 ubi
1690 2531 1935 2593 dicitur
1949 2530 2015 2592 in
2038 2527 2275 2592 Verbo
2298 2533 2339 2560 ‘⁴
2358 2526 2605 2602 DeuS,”

354 2623 768 2705 intelligitur
815 2622 1150 2687 Dominus
1203 2624 1428 2707 quoad
1484 2623 1805 2688 Divinum
1855 2623 2134 2699 Verum,
2184 2623 2281 2686 ita
2334 2641 2603 2706 quoque

353 2717 682 2782 Divinum
708 2717 966 2781 Verum
995 2720 1374 2801 procedens
1405 2741 1446 2782 a
1473 2719 1793 2795 Domin0‚
1823 2729 1893 2784 et
1926 2719 2037 2782 ubi
2063 2719 2309 2782 dicitur
2337 2719 2602 2800 “Jeho-

353 2812 557 2890 vah,”
615 2812 1022 2895 intelligitur
1083 2812 1418 2876 Dominus
1483 2815 1710 2897 quoad
1771 2813 2091 2877 Divinum
2154 2811 2443 2888 Bonum,
2507 2814 2604 2876 ita

357 2927 633 2990 quoque
673 2905 992 2970 Divinum
1033 2905 1298 2971 Bonum
1337 2907 1719 2990 procedens
1764 2929 1805 2971 a
1842 2907 2182 2986 Domin03
2231 2927 2437 2991 quare
2484 2927 2605 2990 per

357 3001 626 3064 “deum
657 3000 976 3076 alienum,
1012 3021 1213 3086 quem
1255 3022 1392 3065 non
1431 3011 1768 3065 noverunt
1802 3001 2092 3085 patreS,”
2122 3001 2602 3082 intelliguntur

355 3115 524 3159 vera
558 3095 771 3158 Verbi
809 3095 1187 3171 falsificata,
1223 3117 1396 3179 quae
1433 3097 1500 3158 in
1539 3117 1612 3159 se
1652 3106 1811 3160 sunt
1848 3095 2039 3171 falsa,
2077 3105 2149 3160 et
2188 3115 2326 3158 non
2365 3096 2605 3176 agnita

350 3191 444 3253 ab
475 3189 610 3253 illis
642 3191 754 3273 qui
787 3192 968 3272 prius
1000 3191 1087 3253 ab
1112 3190 1407 3254 ecclesia
1437 3190 1743 3254 fuerunt:
1792 3191 1940 3274 ipsa
1971 3189 2088 3254 illa
2120 3209 2282 3254 vera
2314 3199 2387 3252 et
2420 3190 2603 3252 bona

349 3283 594 3360 Verbi,
635 3286 914 3348 tametsi
960 3283 1346 3360 falsificata,
1395 3284 1867 3366 significantur
1912 3305 2031 3367 per
2080 3284 2402 3366 “lapides
2448 3304 2601 3366 pre·

351 3379 578 3442 tiosos
593 3377 623 3403 ”
683 3388 754 3441 et
814 3399 934 3460 per
997 3378 1595 3455 “desiderabilia,”
1655 3388 1802 3443 turn
1862 3400 1983 3462 per
2046 3383 2469 3459 “argentum
2530 3387 2604 3440 et

350 3471 656 3546 aurum,”
701 3493 862 3536 vera
917 3473 1096 3536 enim
1145 3472 1358 3537 Verbi
1415 3465 1562 3536 non'
1610 3483 1881 3537 mutant
1936 3473 2310 3537 essentiam
2365 3492 2457 3535 ex
2518 3493 2602 3536 eo

349 3567 542 3650 quod
590 3566 726 3630 sint
776 3567 955 3648 apud
1004 3565 1262 3630 malos:
1319 3588 1438 3650 per
1479 3568 1951 3630 “munitiones
1992 3587 2194 3649 super
2240 3565 2604 3641 statione,”

349 3671 425 3725 et
485 3681 607 3743 per
647 3663 1130 3725 “munimenta
1175 3661 1689 3737 munitionum,”
1735 3660 2205 3743 significantur
2256 3661 2376 3724 illa
2427 3682 2603 3744 quae

347 3765 519 3819 sunt
558 3756 870 3837 propriae
902 3755 1404 3838 intelligentiae
1431 3755 1835 3820 confirmata
1867 3776 1987 3838 per
2016 3774 2291 3819 sensum
2325 3754 2601 3819 litterae

353 3849 602 3924 Verbi,
649 3850 763 3930 qui
817 3848 976 3912 talis
1029 3860 1160 3926 est,
1208 3850 1264 3913 si
1310 3870 1447 3912 non
1492 3850 1776 3914 interius
1820 3849 2250 3930 intelligitur,
2300 3858 2377 3912 ut
2423 3848 2603 3913 trahi

347 3945 576 4027 possit
597 3944 682 4006 ad
717 3964 1153 4026 quascunque
1184 3944 1506 4007 haereses
1526 3943 2050 4008 confirmandas
2142 3943 2258 4006 Ex
2291 3944 2397 4007 his
2422 3963 2599 4007 nunc

347 4049 681 4102 constare
719 4048 953 4119 potest
992 4037 1148 4122 quid
1183 4058 1302 4121 per
1337 4043 1378 4070 ‘⁴
1400 4037 1795 4102 diademata
1825 4048 2093 4123 septem
2126 4057 2329 4123 super
2358 4039 2602 4121 capiti-

349 4133 480 4196 bus
517 4132 836 4196 draconis
851 4132 882 4158 ''
917 4130 1359 4214 significatur.

473 4233 665 4316 718.
723 4249 886 4308 [Vm.
906 4249 976 4308 4.]
1035 4233 1154 4295 “ft
1170 4234 1374 4298 cauda
1394 4253 1514 4298 suu
1535 4232 1735 4296 traxit
1752 4232 2000 4296 tertiam
2013 4238 2259 4313 pamm
2279 4233 2605 4298 stellae-um

347 4321 876 4404 eaoli.”—-—Quod
927 4321 1273 4404 significet
1312 4323 1879 4406 falsificationem
1928 4332 1995 4386 et
2042 4322 2603 4386 adulterationem

345 4416 642 4482 omm'um
673 4415 1034 4480 veritatum
1073 4413 1294 4492 Verbi,
1322 4425 1643 4480 constare
1673 4437 1765 4480 ex
1798 4413 2297 4498 significatione
2325 4419 2364 4447 ‘⁴
2383 4415 2604 4478 cauda

348 4509 690 4588 trahere,”
723 4529 878 4574 cum
909 4511 998 4574 de
1027 4515 1065 4542 ‘⁸
1085 4509 1442 4585 dracone,”
1465 4510 1651 4592 quod
1684 4511 1772 4573 sit
1803 4507 2189 4573 falsificatio
2220 4517 2301 4574 et.
2326 4507 2601 4572 adulte-

348 4606 528 4670 ratio
559 4619 650 4682 (de
669 4631 770 4677 qua
788 4617 1026 4679 sequitur)
1054 4620 1071 4681 ;
1108 4621 1202 4666 ex
1234 4599 1739 4684 significatione
1774 4601 2083 4665 “tertiae
2107 4599 2385 4684 partis,”
2415 4598 2601 4682 quod

1900 4929 2295 5006 UBRARJ

1997 5011 2061 5040 OF
2086 5013 2193 5040 Τῐ-’π

1790 5062 1933 5119 UN
1946 5067 2045 5121 IV
2056 5065 2397 5122 ERSITY
2449 5149 2457 5157 ι
