3259 5384
606 676 778 743 2440
1232 674 1735 731 APOCALYPSIS
1779 679 2232 731 EXPLICATA.

602 866 926 911 arcanum
981 848 1163 930 quod
1216 847 1283 911 in
1338 847 1443 912 his
1498 850 1722 913 verbis
1773 848 1972 923 latet,
2023 870 2162 914 non
2213 851 2570 933 quisquam
2615 848 2844 913 videre

601 950 858 1024 potest,
886 944 1011 1007 nisi
1044 945 1153 1025 qui
1186 944 1318 1006 scit
1350 944 1585 1027 quales
1616 954 1778 1008 sunt
1809 946 2256 1019 tentationeS,
2286 966 2404 1027 per
2433 965 2602 1027 quas
2633 946 2844 1009 homo

599 1046 1080 1118 regeneratur;
1130 1038 1337 1101 homo
1375 1041 1556 1102 enim
1596 1040 1662 1102 in
1701 1039 1832 1102 illis
1879 1048 2155 1103 tenetur
2190 1040 2256 1103 in
2305 1060 2428 1102 suo
2477 1039 2710 1113 libem,
2751 1060 2840 1103 ex

598 1147 734 1209 quo
766 1141 1048 1211 apparet
1082 1130 1177 1193 illi
1211 1134 1385 1195 sicut
1419 1154 1507 1196 ex
1542 1153 1615 1195 se
1648 1143 1910 1215 pugnet
1937 1154 1952 1211 ;
1999 1133 2210 1196 immo
2241 1135 2310 1197 in
2343 1134 2840 1197 tentationibus

598 1231 707 1285 est
746 1222 1003 1287 homini
1043 1226 1322 1289 liberum
1362 1227 1712 1308 spirituale
1742 1227 1980 1290 fortius
2025 1246 2230 1310 quam
2275 1236 2475 1291 extra
2521 1226 2695 1300 illas„
2730 1238 2837 1291 est

597 1318 779 1379 enim
840 1318 1159 1381 interius:
1232 1322 1356 1383 nisi
1416 1320 1624 1384 homo
1683 1342 1774 1384 ex
1833 1340 1919 1383 eo
1978 1330 2315 1403 pugnaret
2375 1322 2442 1384 in
2502 1322 2836 1384 tentatio-

599 1410 816 1485 nibuS,
854 1430 990 1474 non
1032 1414 1285 1493 poterit
1320 1414 1687 1496 spiritualis
1717 1413 1858 1477 fieri
1889 1435 1904 1491 ;
1952 1434 2156 1478 omne
2193 1416 2374 1478 enim
2414 1414 2698 1478 liberum
2731 1425 2839 1479 est

597 1506 868 1579 amoriS,
902 1527 1108 1590 quare
1146 1510 1354 1571 homo
1392 1519 1556 1573 tunc
1599 1529 1692 1572 ex
1729 1528 1962 1573 amore
1999 1511 2139 1573 veri
2175 1519 2250 1573 et
2285 1510 2442 1573 inde
2478 1529 2570 1572 ex
2607 1528 2838 1573 amore

599 1600 785 1663 vitae
829 1612 1153 1691 aeternae
1199 1613 1503 1684 pugnat;
1557 1604 1654 1666 ita
1699 1621 1838 1666 non
1884 1602 2084 1667 aliter
2127 1604 2428 1685 aperitur
2471 1604 2831 1675 internum.

598 1702 669 1757 et
722 1693 932 1758 homo
982 1708 1441 1777 regeneratur.
1532 1696 1648 1759 Ex
1708 1697 1812 1759 his
1867 1699 2098 1779 paucis
2150 1698 2580 1779 aliquatenus
2625 1698 2836 1761 videri

598 1797 833 1869 potest
871 1790 1029 1872 quid
1078 1789 1193 1853 illa
1231 1791 1439 1854 verba
1486 1788 1762 1854 Domini
1799 1791 2182 1863 involvunt,
2224 1811 2470 1872 nempe
2515 1790 2698 1873 quod
2745 1812 2834 1853 ex

597 1902 719 1945 suo
767 1882 979 1947 libero
1026 1887 1452 1967 pugnaverit,
1494 1894 1564 1948 et
1612 1886 1887 1948 demum
1935 1887 2236 1968 posuerit
2281 1886 2578 1948 animam
2618 1904 2828 1959 suam,

596 1996 686 2039 ex
723 1996 928 2040 causa
966 1988 1041 2041 ut
1080 1979 1307 2041 omnia
1344 2000 1435 2041 ex
1475 1980 1743 2061 propria
1782 1980 2097 2060 potentia
2126 1979 2404 2051 faceret,
2440 1988 2509 2042 et
2549 1979 2708 2041 inde
2745 1999 2834 2041 ex

596 2068 831 2134 Semet
888 2072 1048 2153 Ipso
1092 2072 1368 2154 Justitia
1422 2073 1637 2146 fieret,
1687 2074 1867 2155 quod
1924 2092 2060 2136 non
2115 2074 2341 2155 potuit
2387 2072 2528 2135 fieri
2573 2074 2699 2135 nisi
2743 2094 2832 2135 ex

596 2161 809 2227 libero
844 2166 1098 2249 Ipsius;
1147 2165 1305 2230 inde
1329 2168 1592 2240 dicitur,
1627 2166 1843 2249 “Ego
1877 2186 2057 2247 pono
2081 2168 2378 2230 animam
2411 2186 2452 2229 a
2484 2165 2598 2230 Me
2633 2165 2831 2249 Ipso;

595 2268 1017 2340 potestatem
1077 2260 1298 2323 habeo
1358 2262 1656 2343 ponendi
1719 2261 1930 2335 illam,
1991 2269 2063 2325 et
2123 2270 2546 2342 potestatem
2609 2260 2833 2324 habeo

594 2354 959 2434 recipiendi
1016 2355 1243 2431 illam;
1304 2355 1435 2419 hoc
1494 2366 1934 2438 praeceptum
1981 2357 2217 2437 accepi
2271 2376 2312 2417 a
2363 2354 2564 2418 Patre
2621 2352 2832 2417 meo.”

596 2445 730 2527 Qui
768 2448 898 2511 hoc
938 2468 1258 2512 arcanum
1300 2469 1435 2513 non
1476 2452 1722 2525 sciunt,
1762 2450 1858 2513 illi
1897 2451 2434 2533 interpretantur
2470 2448 2588 2512 illa
2624 2447 2832 2511 verba

594 2543 1169 2625 quemadmodum
1218 2544 1476 2620 Ariani,
1526 2546 1707 2628 quod
1764 2564 1900 2608 non
1953 2542 2238 2607 aetualis
2292 2543 2413 2607 sed
2467 2543 2829 2625 adoptivus

596 2634 806 2699 Filius
841 2636 969 2700 Dei
996 2637 1191 2701 suerit
1217 2660 1230 2715 ;
1272 2640 1369 2702 ita
1393 2640 1572 2721 quod
1600 2640 1974 2721 adoptatus
2002 2640 2090 2702 sit
2115 2640 2269 2721 quia
2294 2637 2510 2701 voluit
2535 2639 2828 2700 animam

593 2748 787 2793 suam
853 2751 1126 2812 ponere,
1190 2753 1306 2794 seu
1375 2744 1669 2796 mortem
1729 2734 1945 2796 crucis
2005 2733 2264 2821 subire:
2341 2752 2475 2795 non
2538 2734 2831 2796 scientes

592 2823 775 2906 quod
813 2824 927 2887 illa
962 2828 1167 2890 verba
1200 2826 1557 2890 involvant
1596 2828 1777 2910 quod
1817 2848 1904 2889 ex
1945 2828 2211 2909 propria
2251 2826 2562 2909 potentia
2594 2836 2832 2889 contra

592 2918 851 2981 inferna
884 2940 973 2983 ex
1010 2920 1333 2983 Humano
1367 2941 1491 2984 suo
1528 2922 1957 3003 pugnaverit,
1993 2931 2064 2984 et
2103 2920 2219 2983 illa
2255 2921 2512 2993 vicerit,
2549 2929 2620 2983 et
2654 2922 2832 3003 quod

592 3033 685 3076 ex
746 3016 1013 3095 propria
1074 3017 1385 3097 potentia
1444 3014 1836 3078 Humanum
1893 3033 2083 3077 suum
2138 3013 2648 3096 glorificaverit,
2705 3014 2831 3077 hoc

592 3118 722 3182 est,
774 3109 1061 3172 univerit
1102 3108 1265 3171 illud
1308 3109 1435 3192 ipsi
1482 3108 1732 3171 Divino
1780 3110 1845 3171 in
1890 3106 1998 3182 Se,
2039 3118 2109 3172 et
2158 3110 2250 3171 sic
2299 3107 2466 3170 illud
2514 3107 2832 3171 Divinum

591 3201 849 3278 fecerit,
884 3204 1065 3284 quod
1099 3204 1355 3285 absque
1389 3202 1710 3266 absoluto
1743 3202 1954 3267 libero
1987 3200 2225 3266 relie‘to
2259 3202 2394 3284 Ipsi
2427 3203 2651 3284 quoad
2688 3202 2832 3265 Hu-

593 3314 866 3359 manum
914 3316 1338 3380 nequaquam
1386 3294 1527 3359 fieri
1574 3298 1818 3379 potuit.
1927 3295 2040 3359 Ex
2095 3297 2200 3359 his
2247 3316 2422 3359 nunc
2472 3306 2668 3379 patet
2715 3316 2831 3359 cur

590 3389 769 3470 apud
808 3388 1091 3453 Esaiam
1127 3392 1393 3467 dicitur,
1434 3390 1563 3454 “Si
1601 3392 1903 3474 posuerit
1943 3401 2206 3455 reatum
2247 3392 2546 3453 animam
2585 3390 2836 3453 suam.’'

592 3480 761 3538 (Quod
778 3482 980 3527 liberum
1002 3484 1060 3528 sit
1078 3485 1127 3529 id
1149 3485 1282 3541 quod
1304 3490 1373 3529 est
1389 3486 1565 3529 amoris
1586 3492 1635 3529 et
1655 3484 1926 3537 voluntatis,
1950 3492 1998 3528 et
2029 3484 2142 3529 inde
2163 3484 2287 3529 vitae
2307 3484 2531 3536 hominis,
2555 3491 2602 3528 et
2623 3484 2758 3539 quod
2789 3482 2836 3527 id

588 3556 815 3607 apparat
831 3551 951 3597 sicut
974 3552 1075 3610 ejus
1096 3553 1357 3609 proprium,
1380 3552 1598 3597 videatur
1618 3552 1667 3597 in
1693 3552 1930 3597 Doan'na
1953 3552 2120 3597 Novae
2139 3552 2512 3609 Hiersoloymae,
2535 3564 2586 3597 n.
2611 3563 2714 3607 14¹·
2737 3562 2835 3608 145.

590 3618 737 3675 Quod
762 3618 963 3663 liberum
996 3620 1176 3664 homini
1209 3632 1313 3664 esse
1343 3620 1531 3673 debeat,
1556 3626 1609 3665 ut
1640 3620 1790 3677 possit
1811 3620 2091 3677 regenerari,
2113 3620 2332 3665 videntur
2353 3620 2400 3663 in
2422 3620 2634 3665 Armis
2661 3620 2836 3664 Caeles-

590 3686 725 3739 tibus.
750 3699 795 3731 n.
818 3698 1099 3745 1937,1947.
1124 3688 1258 3743 2876.
1283 3690 1416 3739 2881.
1440 3698 1575 3745 3145,
1595 3690 1731 3745 3158,
1753 3700 1890 3745 4031,
1915 3690 2047 3742 8700.
2113 3686 2260 3744 Quod
2277 3686 2456 3743 alioqui
2488 3699 2626 3733 amor
2655 3686 2836 3731 boniet

588 3754 687 3799 veri
708 3766 806 3798 non
829 3754 1095 3812 implantari
1114 3755 1263 3812 possit
1278 3755 1476 3807 homini.
1492 3764 1540 3799 et
1560 3756 1603 3801 ei
1620 3756 1915 3814 appropriari
1937 3762 2226 3812 apparenter
2242 3761 2294 3800 ut
2309 3767 2466 3805 suum.
2481 3768 2527 3801 n.
2543 3757 2680 3810 2877.
2705 3757 2834 3811 2879.

590 3824 725 3875 2880,
744 3825 877 3877 8700.
942 3822 1091 3879 Quod
1114 3822 1230 3867 nihii
1252 3824 1571 3881 conjungatur
1586 3824 1770 3868 homini
1785 3824 1918 3881 quod
1941 3822 1994 3867 fit
2014 3824 2064 3867 in
2081 3822 2270 3875 condio,
2285 3836 2333 3868 n.
2353 3824 2486 3879 2875,
2505 3825 2640 3878 8700.
2693 3822 2836 3879 Quod

588 3903 640 3935 se
660 3902 832 3947 eogere
852 3890 911 3935 sit
924 3903 983 3935 ex
1006 3890 1170 3941 libero.
1193 3903 1293 3935 non
1315 3898 1475 3935 autem
1499 3892 1621 3948 cogi,
1647 3904 1694 3937 n.
1721 3902 1852 3947 1937.
1873 3892 2006 3935 2881.
2070 3890 2220 3947 Quod
2251 3890 2300 3935 in
2323 3890 2454 3934 omni
2487 3890 2751 3935 tentatione
2780 3889 2836 3934 sit

587 3956 807 4008 liberum,
840 3958 925 4002 sed
958 3958 1092 4013 quod
1123 3958 1173 4002 id
1203 3957 1406 4002 liberum
1439 3958 1497 4003 sit
1528 3958 1726 4002 interius
1757 3958 1888 4016 apud
1920 3956 2166 4001 hominem
2188 3970 2216 4001 a
2241 3956 2468 4008 Domino,
2491 3964 2539 4001 et
2571 3958 2706 4014 quod
2729 3956 2834 4001 ideo

586 4032 769 4083 pugnet
782 4032 829 4069 et
841 4025 951 4069 velit
965 4026 1167 4077 vincere,
1183 4032 1229 4069 et
1242 4038 1341 4069 non
1356 4025 1494 4079 vinci,
1510 4026 1642 4082 quod
1657 4026 1840 4081 absque
1853 4024 2002 4070 libero
2016 4038 2114 4069 non
2129 4024 2318 4075 faceret.
2333 4038 2381 4069 n.
2401 4036 2532 4081 1937,
2553 4038 2688 4082 1947,
2703 4026 2831 4070 2881.

588 4092 736 4149 Quod
769 4091 1008 4137 Dominus
1028 4092 1157 4137 solus
1178 4099 1227 4139 et
1256 4106 1316 4137 ex
1336 4093 1530 4151 propria
1549 4093 1764 4151 potentia
1785 4102 1952 4137 contra
1972 4092 2135 4137 omnia
2156 4091 2338 4137 inferna
2359 4092 2656 4149 pugnaverit,
2681 4100 2728 4137 et
2757 4092 2832 4137 iun

588 4160 764 4210 vicerit,
787 4172 833 4205 n.
863 4160 993 4215 1692.
1022 4162 1153 4217 1813,
1176 4160 1311 4213 2816,
1335 4173 1470 4217 4295,
1494 4163 1628 4217 8273,
1653 4156 1840 4218 [²19937.
1904 4160 2052 4217 Quod
2079 4159 2191 4205 inde
2215 4159 2452 4205 Dominus
2473 4159 2667 4219 Justitia
2687 4158 2833 4205 faetus

588 4235 658 4273 est
699 4240 759 4272 ex
795 4226 858 4272 Se
894 4228 1013 4279 solo,
1052 4240 1098 4272 n.
1141 4230 1272 4285 1813,
1312 4240 1599 4285 2025-2027,
1638 4237 1773 4285 9715,
1813 4230 1950 4285 9809,
1993 4239 2154 4284 10019.
2220 4227 2366 4283 Quod
2404 4228 2604 4273 tentatio
2645 4228 2831 4273 Domini

588 4295 757 4340 ultima
771 4294 973 4339 fueritin
990 4294 1313 4340 Gethsemane
1330 4302 1376 4339 et
1392 4308 1537 4352 super
1552 4308 1708 4347 cruce,
1723 4302 1771 4339 et
1787 4301 1902 4339 tunc
1919 4306 2114 4351 quoque
2131 4294 2346 4352 plenaria
2361 4294 2576 4347 victoria.
2589 4310 2677 4352 per
2692 4308 2830 4353 quam

586 4362 857 4420 subjugavit
888 4361 1084 4413 inferna.
1108 4369 1155 4407 et
1186 4362 1327 4407 simul
1347 4362 1626 4420 glorifieavit
1652 4362 1940 4407 Humanum
1972 4374 2129 4414 suum.
2153 4376 2200 4407 n.
2225 4362 2359 4417 2776,
2384 4364 2518 4419 2803,
2543 4365 2679 4420 2813,
2703 4366 2830 4420 2814.

590 4432 753 4486 10655.
779 4430 940 4486 10659,
964 4426 1199 4475 191108283
1237 4430 1357 4475 haec
1388 4430 1551 4475 omnia
1582 4442 1642 4473 ex
1673 4430 1886 4475 Arcanis
1921 4430 2218 4481 Caelestibus.
2242 4443 2271 4474 e
2299 4430 2478 4487 quibus
2509 4430 2648 4487 plum
2677 4431 2830 4477 adhuc

586 4497 791 4543 colleeh
806 4498 1057 4542 videantur
1075 4498 1125 4541 in
1147 4498 1387 4543 Doarina
1406 4498 1575 4543 Novae
1596 4496 1971 4555 Hierosolyma.
1990 4497 2072 4542 ubi
2095 4498 2172 4543 De
2195 4497 2372 4543 Libero
2397 4496 2638 4552 Hominis,
2661 4512 2708 4545 n.
2733 4501 2828 4555 ¹4⁸·

590 4580 703 4624 149:
744 4566 820 4613 De
841 4566 1207 4631 Tentatiopibus
1228 4568 1275 4612 in
1296 4579 1485 4625 genere,
1508 4580 1555 4614 n.
1582 4566 1816 4625 196-200:
1853 4573 1902 4612 et
1935 4566 2010 4613 De
2031 4566 2396 4613 Tentationibus
2420 4566 2636 4623 Domini,
2659 4582 2706 4615 n.
2729 4580 2826 4621 201,

590 4634 723 4693 3οο-)
