3259 5384
1121 673 1280 726 CAP.
1315 673 1500 738 xm„
1535 672 1744 724 VERs.
1777 659 2000 724 6.-Ν,
2033 672 2175 740 797.
2597 669 2767 738 2217

613 849 650 871 ‘⁸
665 845 943 974 Νιιωεὲιξᾱ
975 845 1242 910 colligitur
1255 859 1336 896 -ex
1369 844 1540 910 spinis
1567 859 1691 906 uva,
1717 852 1811 894 aut
1843 858 1911 894 ex
1946 842 2153 894 tribulis
2190 842 2319 893 ficus
2332 840 2384 893 ?’·’
2420 841 2636 904 (Μαῖα.
2676 841 2766 894 vii.

794 924 816 960 ι

501 1033 764 1104 Homo
799 1035 1006 1098 etiam
1041 1035 1198 1098 talis
1237 1035 1454 1099 nescit
1490 1034 1651 1118 quid
1682 1035 1826 1098 vita
1860 1034 2061 1110 bona,
2096 1043 2169 1098 et
2200 1033 2357 1117 quid
2395 1033 2537 1096 vita
2566 1031 2763 1097 mala.

495 1127 578 1192 Si
631 1130 811 1193 vivit
867 1139 942 1194 ut
987 1131 1150 1193 civis
1197 1129 1448 1205 mundi,
1497 1129 1715 1192 credit
1760 1129 1941 1211 quod
1978 1128 2165 1190 vivat
2208 1127 2419 1190 vitam
2466 1129 2763 1206 bonam;

491 1242 678 1288 cum
715 1233 950 1287 tamen
995 1223 1162 1287 haec
1201 1224 1363 1298 vita,
1403 1224 1460 1286 si
1503 1221 1691 1286 illam
1736 1241 1873 1286 non
1911 1223 2076 1285 vivit
2114 1231 2189 1285 ut
2227 1222 2389 1285 civis
2427 1219 2617 1297 caeli,
2657 1231 2766 1287 est

491 1317 665 1380 vita
723 1317 942 1396 mala;
1013 1337 1137 1380 nec
1198 1317 1538 1398 dignoscit
1597 1335 1801 1379 unam
1852 1314 1941 1379 ab
1982 1315 2223 1392 altera,
2270 1316 2425 1398 quia
2482 1324 2765 1398 utraque

491 1421 808 1492 apparet
841 1411 1074 1475 similis
1105 1413 1172 1474 in
1197 1412 1522 1474 externiS.
1597 1408 1802 1492 Quod
1828 1429 1965 1475 non
1990 1410 2373 1492 dignoscat,
2400 1419 2505 1472 est
2538 1430 2761 1485 causa,

499 1507 678 1586 quia
724 1505 908 1568 bona
951 1525 1180 1587 opera,
1227 1525 1400 1588 quae
1445 1504 1698 1568 faciunt
1742 1504 1977 1580 vitam,
2024 1504 2397 1584 vilipendit.
2490 1503 2764 1566 Exinde

501 1618 700 1662 nunc
739 1600 1040 1682 sequitur
1064 1600 1244 1682 quod
1277 1599 1372 1662 illi
1397 1599 1510 1682 qui
1541 1606 1613 1662 et
1645 1595 1954 1663 doctrina
1984 1607 2053 1662 et
2078 1598 2219 1661 vita
2252 1618 2323 1660 se
2356 1596 2763 1661 confirmant

505 1693 580 1755 in
633 1713 744 1768 eo,
793 1695 974 1776 quod
1019 1693 1167 1758 sola
1213 1693 1380 1758 fides
1425 1694 1683 1776 absque
1730 1693 1925 1757 bonis
1970 1692 2286 1774 operibus
2324 1688 2645 1774 justificet
2692 1702 2763 1757 et

510 1787 768 1863 salvet,
803 1788 1065 1852 caelum
1103 1788 1230 1852 sibi
1267 1809 1536 1870 prorsus
1567 1789 1910 1851 claudant.
2004 1785 2125 1870 (4.)
2176 1785 2519 1851 Claudunt
2556 1787 2765 1851 etiam

512 1881 648 1944 sibi
683 1882 950 1947 caelum
981 1903 1100 1965 per
1131 1883 1221 1958 id,
1255 1885 1438 1966 quod
1475 1883 1751 1947 tametsi
1784 1883 1925 1946 vita
1960 1881 2227 1945 illorum
2265 1892 2370 1945 est
2403 1883 2544 1944 vita
2579 1902 2763 1947 mere

517 1977 873 2054 naturalis,
909 1999 1082 2061 quae
1130 1979 1342 2043 trahit
1389 1978 1618 2041 omnia
1664 1997 1784 2041 sua
1829 1997 1920 2041 ex
1965 1995 2197 2040 amore
2243 1977 2341 2038 sui
2388 1987 2459 2039 et
2507 1976 2761 2052 mundi,

521 2089 738 2152 usque
771 2073 1085 2138 meritum
1120 2072 1398 2136 Domini
1430 2072 1558 2134 sibi
1587 2071 2009 2148 attribuant3
2059 2070 2351 2134 dicendo
2377 2069 2601 2144 corde,
2634 2067 2764 2134 “Si

521 2164 746 2228 solum
781 2185 936 2230 cum
973 2165 1219 2231 fiducia
1255 2177 1326 2230 et
1363 2165 1781 2231 confidentia
1818 2165 2169 2230 credidero
2206 2165 2390 2246 quod
2430 2164 2765 2228 Dominus

523 2277 764 2340 passus
800 2261 890 2325 sit
935 2280 1208 2324 crucem
1247 2281 1370 2343 pro
1415 2280 1546 2334 me,
1587 2269 1660 2323 et
1704 2279 1825 2342 per
1868 2259 1935 2322 id
1982 2258 2345 2322 redemerit
2384 2277 2513 2332 me,
2548 2259 2763 2322 vitam

525 2361 878 2417 aeternam
914 2355 1252 2432 habeam;
1309 2364 1380 2418 et
1426 2355 1557 2418 hoc
1597 2355 1753 2436 quia
1789 2352 1907 2416 illa
1938 2353 2201 2433 justitia
2240 2361 2311 2416 et
2358 2351 2521 2416 illud
2562 2353 2762 2416 meri-

525 2454 670 2509 tum
695 2447 1069 2530 imputatur
1089 2449 1255 2511 mihi
1280 2469 1400 2530 per
1423 2446 1648 2525 fidem,
1675 2457 1745 2512 et
1772 2447 1935 2510 nihil
1963 2445 2103 2527 ejus
2130 2466 2248 2528 per
2272 2467 2479 2529 opera
2506 2447 2687 2511 vitae
2710 2445 2763 2509 :”

525 2559 676 2603 cum
716 2549 949 2605 tamen
979 2543 1463 2624 imputativum
1497 2542 1721 2606 meriti
1761 2541 2037 2604 Domini
2070 2560 2205 2604 non
2240 2540 2461 2615 datur,
2497 2541 2595 2602 ita
2632 2559 2758 2605 nec

522 2634 664 2696 vita
715 2636 873 2698 inde
919 2635 1326 2717 imputativa
1371 2637 1671 2714 homini;
1732 2637 1852 2700 sed
1898 2635 2041 2699 vita
2092 2655 2133 2697 a
2188 2633 2485 2698 Domino
2537 2635 2781 2711 datur,

525 2747 696 2810 quae
742 2729 960 2810 qualis
1005 2731 1094 2793 sit
1141 2751 1342 2812 supra
1393 2731 1462 2794 in
1514 2751 1637 2794 suo
1682 2729 1971 2794 articulo
2016 2726 2270 2792 dic-<tum
2316 2738 2444 2792 est.
2536 2726 2764 2810 Quare

523 2821 858 2903 imputare
903 2823 1029 2886 sibi
1086 2825 1402 2888 meritum
1456 2824 1755 2900 Domini,
1803 2833 1877 2888 et
1932 2843 2069 2886 non
2116 2824 2342 2896 vivere
2389 2823 2763 2886 secundum

517 2926 890 2998 praecepta
926 2917 1147 3000 Ipsius
1184 2921 1250 2982 in
1290 2917 1547 2994 Verbo,
1583 2929 1654 2982 et
1693 2919 1789 2982 sic
1822 2919 2047 2982 vivere
2084 2917 2172 2980 ab
2210 2917 2391 2999 Ipse,
2434 2925 2539 2981 est
2576 2916 2763 2981 blas·

514 3011 836 3094 phemia3
905 3014 1061 3094 quia
1116 3013 1246 3077 hoc
1303 3012 1591 3077 involvit
1646 3011 2173 3094 possibilitatem
2225 3013 2493 3076 vivendi
2541 3011 2762 3076 solum

509 3106 640 3168 sibi
679 3115 754 3169 et
794 3107 1069 3181 mundo,
1105 3109 1203 3170 ita
1240 3108 1441 3183 male,
1475 3109 1543 3170 in
1583 3106 1901 3170 Domin0.
1998 3106 2120 3188 (5.)
2170 3105 2515 3171 Claudunt
2551 3109 2763 3174 etiam

507 3200 642 3262 sibi
683 3199 954 3262 caelum
991 3221 1112 3282 per
1142 3201 1232 3276 id,
1269 3201 1450 3284 quod
1489 3210 1874 3282 agnoscant
1912 3200 2170 3264 nullam
2204 3200 2405 3264 fidem
2445 3221 2567 3283 pro
2604 3200 2759 3278 fide,

498 3303 628 3358 aut
683 3292 1084 3357 historicam
1141 3314 1263 3376 pro
1319 3294 1640 3370 salvifica,
1690 3294 2071 3372 naturalem
2126 3315 2246 3376 pro
2293 3294 2641 3376 spirituali,
2690 3307 2762 3360 et

493 3397 862 3452 mortuam
901 3408 1024 3470 pro
1063 3389 1256 3466 viva;
1311 3388 1624 3452 similiter
1660 3388 1975 3452 fiduciam
2020 3387 2212 3451 fidei:
2272 3389 2340 3450 hi
2387 3389 2565 3453 enim
2612 3409 2763 3454 cre-

487 3485 696 3548 dunt
732 3482 918 3564 quod
955 3482 1128 3546 scire
1173 3491 1246 3546 et
1285 3483 1592 3564 cogitare
1631 3483 1892 3563 aperiat
1930 3481 2217 3557 caelum,
2259 3493 2330 3546 et
2378 3502 2515 3545 non
2560 3483 2763 3546 simul

481 3575 698 3642 velle
755 3585 826 3638 et
881 3574 1123 3649 facere,
1181 3595 1334 3639 cum
1394 3586 1627 3639 tamen
1690 3577 1859 3640 haec
1916 3576 2229 3658 primaria
2284 3586 2463 3652 sunt,
2520 3586 2591 3641 et
2628 3576 2763 3660 xilla

475 3669 961 3746 secundaria3
1027 3671 1168 3733 vita
1213 3671 1392 3732 enim
1439 3671 1883 3752 cogitationis
1929 3671 2221 3733 hominis
2268 3681 2375 3734 est
2421 3691 2512 3734 ex
2558 3669 2761 3734 affec-

473 3769 710 3832 tione
736 3761 1114 3826 voluntatis
1148 3762 1306 3844 ejus..
1402 3763 1524 3847 (6.)
1575 3763 1921 3828 Claudunt
1946 3767 2155 3828 etiam
2189 3765 2313 3828 sibi
2346 3765 2609 3828 caelum
2644 3787 2765 3848 per

475 3861 592 3935 id,
647 3857 838 3939 quod
883 3859 1039 3940 quia
1084 3856 1292 3921 homo
1339 3878 1475 3921 non
1514 3869 1749 3942 potest
1790 3859 2010 3923 facere
2058 3859 2310 3923 bonum
2358 3881 2398 3922 a
2445 3879 2538 3936 se,
2580 3860 2762 3942 quod

473 3963 616 4020 est
664 3951 943 4027 bonum,
979 3962 1049 4016 et
1089 3951 1217 4015 nisi
1255 3953 1343 4015 sit
1383 3953 1823 4029 meritorium,
1858 3953 2187 4017 omittant
2224 3955 2479 4018 bonum
2516 3953 2758 4027 facere,

476 4058 568 4114 et
616 4045 1000 4127 implorent
1037 4044 1281 4124 fidem-;
1330 4056 1402 4110 et
1440 4067 1652 4129 usque
1690 4066 1827 4110 non
1865 4046 2033 4112 fides
2070 4068 2245 4130 quae
2283 4059 2390 4112 est
2428 4046 2598 4111 fides
2638 4048 2763 4112 nisi

479 4163 596 4206 ex
646 4138 1014 4214 charitate,
1053 4140 1154 4203 ita
1191 4140 1316 4203 nisi
1354 4160 1444 4204 ex
1485 4141 1708 4204 bono:
1764 4139 1933 4204 fides
1970 4162 2143 4223 quae
2182 4161 2301 4224 per
2336 4141 2759 4224 imploratio-

485 4252 676 4298 nem
723 4242 887 4295 tunc
936 4234 1355 4314 permittitur
1399 4235 1565 4310 dari,
1606 4244 1715 4299 est
1760 4234 1929 4300 fides
1982 4235 2133 4298 falsi
2178 4257 2267 4300 ex
2316 4237 2544 4314 malo;
2600 4255 2761 4299 nam

493 4330 628 4394 ubi
675 4347 812 4389 non
861 4338 967 4391 est
1017 4329 1269 4391 bonum
1316 4328 1406 4391 ibi
1453 4339 1560 4394 est
1607 4329 1887 4405 malum,
1937 4340 2007 4394 et
2058 4331 2171 4394 ubi
2216 4341 2325 4394 est
2372 4330 2626 4394 malum
2670 4330 2762 4394 ibi

505 4430 623 4487 est
667 4419 953 4498 falsum;
1015 4432 1088 4486 et
1133 4421 1302 4486 fides
1347 4422 1497 4486 falsi
1542 4445 1633 4487 ex
1681 4423 1864 4488 malo
1910 4433 2018 4488 est
2065 4424 2233 4488 fides
2279 4425 2537 4500 inferni,
2586 4445 2763 4507 quae

515 4526 804 4580 vocatur
835 4514 1002 4580 fides
1034 4528 1326 4594 mortua,
1362 4529 1435 4582 et
1467 4519 1638 4582 haec
1672 4518 1931 4584 claudit
1964 4519 2249 4583 caelum.
2344 4519 2467 4602 (7.)
2517 4520 2759 4602 Impri-

532 4611 644 4672 mis
703 4611 1044 4676 clauditur
1101 4611 1236 4676 illis
1301 4613 1568 4678 caelum
1626 4634 1748 4697 per
1804 4613 2339 4697 applicationem
2400 4614 2611 4678 Verbi
2670 4613 2761 4678 ad
