3259 5384
894 677 1056 728 CAP.
1089 677 1274 740 xm„
1305 676 1516 728 vens.
1555 677 1811 745 17.-N.
1844 663 1988 742 840.
2392 673 2555 744 2345

475 899 481 906 ,
587 849 640 898 hi
663 857 988 908 mercatores
1005 848 1098 910 mi,
1117 861 1236 898 cum
1249 846 1440 912 *anima
1452 845 1691 898 hominis
1712 854 1769 896 et
1784 846 1931 898 vasis
1949 845 2089 896 aeris
2114 845 2375 896 dederunt
2390 859 2562 908 nego?

587 915 862 963 tiationem
905 923 1068 963 tuam.
1155 911 1272 962 Filii
1316 907 1556 961 Dedanis
1597 921 1923 960 mercatores
1959 911 2033 961 tui
2052 926 2064 972 ;
2110 911 2318 960 insulae
2358 912 2559 960 multae

585 989 908 1029 mercatores
930 993 1124 1028 manus
1147 987 1286 1027 tuae.
1331 1015 1343 1027 .
1365 1015 1377 1027 .
1396 1014 1411 1028 .
1429 977 1610 1039 ,Syria
1633 977 1956 1039 negotiatrix
1976 987 2091 1026 tua.
2110 1013 2123 1026 .
2144 1013 2157 1026 .
2170 989 2321 1026 „cum
2338 976 2562 1039 chryso-

585 1059 758 1108 prasoq
803 1081 816 1096 .
837 1081 850 1104 ,
869 1081 886 1094 .
901 1044 1030 1094 ,Sed
1054 1058 1187 1106 opes
1205 1053 1343 1104 tuae,
1367 1051 1422 1094 et
1446 1042 1843 1105 negotiationes
1861 1051 1983 1091 tuae
2002 1056 2015 1099 ς
2050 1047 2313 1090 mercatus
2334 1042 2449 1100 tui..
2470 1077 2483 1089 .
2504 1077 2515 1090 .
2537 1078 2549 1089 .

584 1109 921 1172 negotiantes
949 1107 1374 1171 negotiationem
1403 1118 1591 1167 tuam..
1612 1144 1626 1157 .
1644 1144 1657 1156 .
1677 1105 1895 1157 ,cadent
1920 1107 1976 1156 in
2006 1121 2101 1156 cor
2127 1105 2357 1156 marium
2386 1105 2443 1155 in
2472 1106 2559 1156 die

575 1181 736 1224 ‘casus
765 1175 842 1224 tui
853 1173 884 1194 ”
906 1173 1087 1236 (xxvii.
1115 1186 1140 1223 1
1165 1173 1234 1222 ad
1259 1171 1396 1236 fin.):

335 1306 506 1390 apud
541 1304 848 1388 Esaiam,
937 1359 944 1368 .

427 1417 688 1482 “Ejulate,
717 1433 886 1468 naves
919 1417 1312 1484 Tharschischi‚
1341 1415 1468 1482 quia
1491 1416 1775 1467 devastata
1800 1425 1884 1466 est
1911 1415 2129 1480 Tyrus„
2150 1453 2163 1466 .
2182 1453 2195 1466 .
2216 1414 2391 1477 ‚cujus
2420 1429 2560 1466 mer-

581 1491 789 1534 catores
814 1484 1096 1547 principes,
1122 1483 1487 1545 negotiatores
1508 1481 1630 1545 ejus
1656 1482 1908 1531 honorati
1932 1480 2148 1532 terrae”
2170 1481 2336 1543 (xxiii.
2366 1492 2407 1540 1.
2434 1481 2511 1543 8):

329 1629 604 1711 quisque
637 1629 1140 1711 viderepotest
1179 1629 1360 1712 quod
1397 1649 1516 1712 per
1551 1627 2167 1710 “negotiationes’'
2194 1636 2277 1692 et
2318 1630 2555 1691 f‘mer-

328 1724 637 1787 caturas‘'
660 1725 750 1788 ibi
781 1743 919 1787 non
953 1723 1428 1806 intelligantur
1451 1724 1962 1805 negotiationes
1986 1731 2057 1789 et
2090 1731 2512 1786 mercaturae
2537 1744 2553 1802 ;

329 1817 482 1898 quid
517 1819 696 1881 enim
734 1837 1098 1882 commune
1133 1818 1345 1882 habet
1381 1817 1895 1882 Verbum·cum
1940 1817 2215 1892 talibus,
2256 1817 2439 1900 quod
2484 1818 2555 1880 in

327 1931 398 1974 se
437 1912 750 1976 Divinum
781 1933 862 1976 ac
891 1912 1196 1977 caeleste
1229 1921 1362 1987 est,
1395 1931 1476 1975 ac
1512 1913 1724 1978 docet
1750 1912 2099 1976 hominem
2132 1913 2219 1974 de
2244 1912 2431 1990 -Deo,
2465 1913 2553 1976 de

327 2007 514 2070 caelo
544 2017 616 2071 et
654 2007 965 2082 ecclesia,
1001 2006 1086 2071 de
1118 2009 1262 2070 vita
1291 2017 1594 2080 aeterna,
1629 2016 1703 2070 et
1734 2006 2109 2069 similibus?
2200 2006 2368 2070 Inde
2405 2008 2553 2089 quis

325 2122 460 2166 non
501 2102 730 2166 videre
768 2111 1026 2184 potest,
1065 2102 1250 2185 quod
1293 2100 1565 2183 singula
1607 2101 1699 2164 ibi
1744 2099 2133 2182 significent
2180 2101 2557 2184 spiritualia

325 2217 494 2280 quae
528 2195 698 2260 caeli
733 2205 807 2259 et
853 2195 1186 2259 ecclesiae
1219 2195 1425 2260 sunt?
1479 2213 1616 2258 non
1656 2194 1877 2260 solum
1914 2196 2191 2259 nomina
2222 2206 2553 2264 terrarum

323 2292 432 2366 ibi,
471 2311 624 2355 cum
670 2290 910 2374 quibus
954 2290 1462 2372 negotiationes
1507 2286 1728 2353 factae
1772 2297 1953 2364 sunt,
1994 2290 2116 2352 sed
2160 2290 2369 2352 etiam
2416 2291 2554 2352 sin-

323 2385 520 2468 gulae
567 2395 988 2448 mercaturae
1032 2383 1340 2447 illarum:
1397 2383 1517 2446 sed
1571 2383 1733 2464 quid
1778 2381 2048 2464 singula
2101 2384 2168 2445 in
2222 2383 2553 2464 spirituali

325 2501 523 2544 sensu
554 2478 962 2561 significant,
998 2478 1196 2541 nimis
1229 2475 1570 2560 prolixum
1599 2477 1776 2540 soret
1808 2476 1918 2540 hic
1950 2496 2337 2559 exponere3
2385 2478 2553 2540 satis

323 2585 425 2638 est
456 2575 646 2657 quod-
671 2575 923 2637 sciatur
946 2572 1128 2655 quod
1156 2572 1720 2653 “negotiationes
1736 2570 1767 2596 ’'
1792 2570 1882 2633 ibi
1914 2569 2297 2651 significent
2323 2572 2553 2653 acqui-

322 2671 605 2733 sitiones
656 2678 728 2732 et
790 2667 1449 2730 communicationes
1501 2665 2001 2748 cognitionum·
2036 2667 2176 2729 veri
2236 2675 2308 2730 et
2367 2665 2551 2740 boni,

320 2784 397 2827 ac
458 2762 642 2847 quod
693 2760 1225 2826 “mercaturae’'
1279 2781 1398 2824 seu
1462 2759 1830 2824 “merces'’
1882 2760 2035 2824 illas
2094 2761 2550 2843 cognitiones,

319 2879 492 2941 quae
519 2857 926 2922 multifariae
957 2865 1137 2920 sunt.
1229 2853 1434 2936 Quod
1471 2854 1592 2918 illa
1619 2853 2112 2937 significentur,
2147 2865 2345 2938 patet
2382 2875 2553 2939 quo-⁶

318 2974 446 3036 que
483 2974 578 3017 ex
615 2952 720 3015 his
755 2952 935 3034 apud
970 2949 1404 3026 Ezechielem,

414 3095 526 3147 “In
567 3095 833 3160 sapientia
869 3103 962 3144 tua
993 3102 1049 3144 et
1085 3093 1142 3143 ln
1183 3091 1542 3155 intelligentia
1573 3101 1669 3142 tua
1706 3091 1909 3142 feceras
1944 3093 2038 3142 tibi
2074 3107 2223 3155 opes,
2256 3102 2312 3143 et
2350 3093 2554 3142 feceras

576 3175 766 3210 aurum
792 3170 848 3210 et
871 3169 1154 3222 argentum
1191 3160 1244 3208 in
1274 3159 1538 3208 thesauris
1563 3159 1685 3217 tuis,
1710 3173 1805 3220 per
1832 3159 2227 3207 multitudinem
2256 3159 2555 3220 sapientiae

578 3239 701 3276 tuae
724 3227 779 3276 in
808 3225 1176 3289 negotiatione
1195 3234 1302 3273 tua
1317 3223 1771 3287 multiplicavems
1788 3223 1880 3274 tibi
1904 3237 2037 3286 opes
2050 3222 2079 3243 ”
2103 3223 2303 3285 (xxviii.
2328 3219 2427 3289 [4,]
2450 3227 2529 3286 5);

313 3374 484 3438 haec
525 3373 612 3437 de
651 3373 951 3455 principe
988 3369 1174 3453 Tyri,
1215 3389 1333 3453 per
1369 3389 1570 3453 quem
1606 3368 2084 3451 intelliguntur
2120 3370 2553 3452 cognitiones

313 3471 454 3533 veri
492 3488 584 3532 ex
613 3467 870 3542 Verbo,
904 3487 1026 3548 per
1054 3485 1222 3548 quas
1259 3449 1720 3545 intelligentia
1751 3473 1822 3527 et
1861 3464 2240 3547 sapientia;
2287 3473 2359 3527 et
2396 3465 2554 3546 quia

314 3564 599 3627 eaedem
631 3559 788 3625 illae
819 3561 1250 3642 cognitiones
1279 3557 1750 3640 significantur
1784 3577 1909 3639 per
1937 3557 2220 3640 “opes,”
2250 3567 2323 3623 et
2360 3577 2551 3621 com·

313 3659 584 3740 paratio
633 3656 898 3719 illarum
952 3674 1071 3736 per
1119 3651 1789 3735 “negotiationem,”
1840 3652 1997 3716 ideo
2048 3652 2313 3728 dicitur,
2375 3657 2555 3735 “per

313 3749 1014 3832 1¹¹mu1tiplicationem
1079 3747 1455 3830 sapientiae
1521 3755 1682 3810 tuae
1751 3747 1819 3809 in
1892 3746 2367 3828 negotiatione
2431 3756 2552 3810 tua

312 3845 902 3927 multiplicaverim.
937 3842 1058 3908 tibi
1105 3840 1328 3924 opes.”
1412 3839 1530 3907 Ex
1577 3840 1684 3910 his
1729 3850 2046 3906 constare
2091 3848 2326 3924 potest
2371 3841 2551 3906 unde

309 3950 512 4005 &tm

407 4073 572 4138 Quod
608 4073 876 4123 Dominus
904 4071 1294 4135 comparaverit
1327 4085 1552 4132 regnum
1581 4071 1852 4119 caelorum
1881 4069 2248 4132 “negotiatori
2275 4069 2552 4132 quaerenti

509 4171 542 4178 -·
575 4139 822 4201 pulchras
847 4139 1180 4214 margaritas,
1199 4138 1288 4200 qui
1311 4151 1432 4187 cum
1450 4135 1749 4212 invenisset
1766 4149 1928 4187 unam
1954 4134 2269 4212 pretiosam.
2288 4170 2325 4193 .‚
2338 4133 2476 4183 abiit
2497 4143 2555 4184 et

577 4203 816 4253 vendidit
839 4217 1025 4252 omma
1046 4217 1181 4266 quae
1205 4201 1404 4264 habuit,
1429 4211 1486 4250 et
1509 4201 1640 4250 emit
1664 4201 1811 4250 illam
1826 4199 1856 4220 ’⁹
1874 4199 2089 4262 (Mutela.
2114 4199 2221 4250 xiu.
2244 4209 2326 4259 45,
2340 4199 2459 4261 46)ε

308 4356 436 4418 per
467 4333 977 4416 “margaritas’'
1008 4331 1476 4415 significantur
1506 4332 1961 4413 cognitioneS,
1996 4341 2068 4394 et
2104 4350 2370 4413 quoque
2401 4331 2550 4412 ipsa

307 4451 474 4496 vera
495 4452 514 4510 3
552 4440 624 4496 et
649 4434 832 4510 per.“
851 4447 1053 4492 unam
1073 4428 1444 4510 pretiosam
1459 4426 1490 4452 ”
1511 4425 1930 4509 significatur
1948 4425 2211 4508 agnitio
2233 4425 2507 4488 Domini
2531 4447 2547 4504 ;

307 4535 376 4590 et
411 4543 536 4606 per
561 4529 600 4557 ‘⁸
618 4521 914 4586 vendere
947 4521 1175 4585 omnia
1199 4542 1371 4604 quae
1403 4520 1641 4584 habuit
1658 4520 1688 4544 ”
1712 4517 2130 4601 significatur
2160 4517 2549 4582 abalienare

308 4619 542 4686 omnia
594 4637 770 4701 quae
827 4617 1074 4680 amoris
1127 4615 1374 4699 proprii
1429 4623 1609 4691 sunt,
1668 4623 1739 4678 et
1798 4633 1918 4696 per
1974 4618 2259 4678 “emere
2310 4612 2500 4676 illam
2516 4611 2551 4638 ”
