3259 5384
606 685 780 755 2330
1227 685 1733 740 APOCALYPSIS
1776 686 2230 739 EXPLICATA.

606 854 824 930 caele,
865 864 971 919 est
1007 856 1164 938 quia
1201 856 1430 920 omnia
1465 866 1535 920 et
1581 857 1853 938 singula
1888 857 1977 920 ibi
2016 875 2291 920 sensum
2327 854 2749 938 spiritualem
2787 855 2856 919 in

604 969 676 1012 se
744 951 1124 1024 continent,
1189 969 1268 1013 ac
1335 970 1574 1013 sensus
1639 951 2005 1032 spiritualis
2069 952 2435 1033 percipitur
2490 953 2558 1013 in
2618 949 2851 1025 caeliS‚

603 1044 879 1124 quando
925 1064 1160 1107 sensus
1207 1045 1554 1120 naturalis»,
1594 1046 1707 1128 qui
1752 1057 1860 1109 est
1904 1065 2144 1109 sensus
2189 1045 2481 1120 litterae,
2522 1043 2853 1126 intelligi-

603 1146 715 1200 tur
771 1138 860 1201 ab
919 1139 1211 1202 homine.
1323 1138 1527 1220 Quod
1587 1141 1686 1204 ita
1738 1141 1848 1216 sit,
1905 1160 1997 1203 ex
2059 1140 2277 1204 multa
2326 1140 2757 1221 experientia
2814 1159 2855 1202 e

605 1231 862 1296 mundo
899 1233 1228 1315 spirituali
1267 1234 1428 1297 mihi
1466 1233 1941 1298 confirmatum
1988 1245 2115 1298 est.
2206 1231 2459 1296 Audivi
2496 1233 2681 1316 quod
2729 1231 2854 1295 ali·

603 1326 714 1406 qui
761 1327 1126 1391 recitarent
1172 1329 1382 1392 verba
1427 1347 1518 1392 ex
1574 1347 1776 1392 sensu
1822 1329 2095 1392 litterae
2142 1328 2374 1402 Verbi,
2424 1338 2496 1391 et
2553 1328 2849 1408 percepi.

601 1419 781 1500 quod
813 1419 996 1484 illico
1021 1423 1552 1486 communicatio
1581 1422 1714 1485 illis
1746 1419 1924 1486 sacta
1952 1423 2041 1486 sit
2072 1442 2225 1486 cum
2257 1421 2482 1504 aliqua
2513 1423 2853 1485 societate

601 1514 793 1589 caeli,
828 1515 914 1577 ad
947 1516 1134 1578 illam
1166 1517 1344 1579 enim
1379 1519 1765 1598 penetravit
1797 1537 2035 1580 sensus
2066 1517 2449 1600 spiritualiS,
2478 1516 2591 1598 qui
2626 1516 2853 1579 inerat

599 1608 823 1671 verbis
868 1629 907 1673 e
952 1629 1153 1672 sensu
1199 1611 1470 1674 litterae
1508 1611 1829 1675 recitatis„
1921 1611 2087 1674 Mali
2133 1612 2405 1692 spiritus
2441 1610 2855 1693 quandoque

601 1703 970 1766 abutuntur
994 1704 1118 1767 hac
1145 1706 1762 1768 communicatione
1788 1706 1873 1768 ad
1906 1706 2437 1788 comparandum
2463 1704 2589 1767 sibi
2614 1714 2853 1786 patro-

601 1797 846 1860 cinium
877 1819 916 1861 e
953 1798 1178 1862 caelis.
1271 1799 1383 1861 Ex
1418 1800 1522 1862 his
1553 1809 1873 1864 constare
1906 1810 2140 1882 potest
2170 1798 2371 1882 quale
2403 1809 2509 1862 est
2542 1797 2855 1862 Verbum

599 1891 665 1953 in
705 1911 906 1954 sensu
945 1892 1256 1970 litterae;
1305 1903 1376 1957 et
1414 1895 1570 1976 quia
1607 1904 1715 1957 est
1752 1894 2399 1957 communicativum
2436 1911 2591 1957 cum
2631 1893 2851 1966 caelo,

599 1985 756 2048 ideo
785 1989 1224 2051 consentiens
1251 1987 1598 2070 spirituale
1629 2007 1783 2052 cum
1818 1988 2128 2064 naturali,
2156 1989 2339 2070 quod
2370 1997 2477 2051 est
2508 1984 2851 2061 sanctum,

598 2081 814 2146 influit
847 2083 1003 2146 inde
1036 2084 1101 2145 in
1129 2102 1430 2147 amorem
1457 2084 1837 2147 naturalem
1872 2083 2213 2165 loquentis
2238 2091 2356 2146 aut
2387 2082 2857 2164 praedicantis

600 2195 690 2238 ex
730 2174 984 2251 Verbo,
1027 2178 1137 2258 qui
1183 2197 1374 2241 amor
1419 2178 1682 2241 excitat
1722 2178 2216 2260 cogitationem
2255 2176 2565 2259 loquelae
2612 2195 2853 2240 eorum

599 2272 1002 2352 proximam.
1079 2271 1429 2353 Cogitatio
1449 2272 1761 2354 loquelae
1788 2273 2103 2354 proxima
2121 2273 2385 2346 dicitur,
2411 2273 2567 2354 quia
2591 2271 2857 2336 homini

599 2376 706 2429 est
753 2367 1084 2448 cogitatio
1129 2367 1406 2430 interior
1455 2375 1528 2430 et
1580 2367 1913 2448 cogitatio
1958 2367 2297 2443 exterior;
2360 2366 2697 2448 cogitatio
2756 2367 2855 2430 illi

599 2460 880 2524 interior
910 2469 1017 2524 est
1055 2461 1328 2542 quando
1365 2461 1550 2524 solus
1585 2471 1691 2524 est
1730 2471 1800 2525 et
1832 2480 2062 2524 secum
2096 2461 2379 2542 cogitat,
2408 2471 2481 2524 at
2513 2461 2857 2541 cogitatio

599 2554 901 2617 exterior
931 2554 1024 2617 illi
1062 2563 1170 2618 est
1206 2556 1482 2637 quando
1512 2575 1667 2618 cum
1704 2555 1853 2619 aliis
1888 2564 1994 2619 est
2030 2566 2102 2619 et
2139 2574 2293 2618 cum
2332 2553 2462 2618 illis
2511 2553 2854 2636 loquitur:

599 2648 808 2711 cuivis
846 2658 1084 2711 notum
1123 2660 1229 2712 est
1267 2646 1501 2732 ¹⁸¹quod
1540 2649 1749 2713 homo
1786 2651 2003 2731 possit
2042 2668 2272 2712 secum
2310 2649 2615 2730 cogitare
2648 2648 2859 2713 aliter

599 2761 802 2824 quam
847 2742 1141 2824 loquitur
1187 2763 1414 2807 coram
1461 2743 1887 2823 hominibus;
1942 2744 2274 2826 cogitatio
2322 2744 2490 2806 haec
2543 2744 2859 2808 exterior

597 2835 1000 2918 intelligitur
1057 2856 1178 2918 per
1235 2839 1727 2919 cogitationem
1788 2837 2097 2920 loquelae
2159 2839 2541 2919 proximam
2576 2857 2591 2898 ε
2666 2837 2852 2902 hanc

596 2931 1090 3012 cogitationem
1143 2933 1406 2995 excitat
1459 2941 1530 2994 et
1583 2933 1889 2995 incendit
1934 2951 2125 2994 amor
2176 2931 2523 3004 naturalis,
2572 2931 2686 3012 qui
2740 2942 2855 2996 est

597 3045 787 3088 amor
817 3025 1094 3107 gloriae,
1129 3026 1404 3089 honoris
1435 3034 1553 3089 aut
1585 3026 1771 3102 lucri,
1807 3026 1987 3108 apud
2019 3025 2171 3088 illos
2201 3027 2313 3108 qui
2346 3027 2411 3088 in
2444 3024 2626 3088 salsis
2659 3036 2852 3102 sunt,

596 3129 668 3183 et
699 3119 868 3182 salsa
899 3118 1304 3184 confirmant
1341 3141 1431 3183 ex
1465 3141 1665 3183 sensu
1698 3121 1968 3183 litterae
2001 3119 2232 3183 Verbi.
2326 3120 2479 3183 Hoc
2520 3138 2699 3182 nunc
2740 3130 2857 3185 est

595 3213 776 3297 quod
815 3212 1231 3295 significatur
1267 3235 1386 3297 per
1421 3214 1602 3297 quod
1646 3214 1905 3278 “datus
1942 3215 2029 3278 sit
2066 3215 2339 3294 spiritus
2370 3213 2649 3295 imagini
2687 3213 2854 3276 bes-

596 3307 792 3383 tiae,'’
823 3317 894 3371 et
931 3313 1063 3371 “ut
1097 3307 1413 3391 loquatur
1442 3311 1672 3390 imago
1703 3307 2023 3382 bestiae,'’
2050 3328 2169 3390 per
2199 3329 2370 3390 quae
2402 3305 2852 3390 significatur,

594 3403 776 3485 quod
823 3400 1171 3466 doetrinae
1217 3402 1372 3466 fidei
1417 3412 1774 3485 separatae
1820 3424 1861 3466 a
1912 3403 2077 3476 vita,
2126 3422 2246 3485 per
2291 3398 2853 3484 conjunctionem

595 3517 747 3561 cum
787 3496 1043 3571 Verbo,
1083 3496 1331 3580 aliquid
1378 3499 1559 3560 vitae
1609 3497 1973 3580 spiritualis
2018 3499 2293 3572 inesset,
2334 3505 2406 3559 et
2452 3495 2634 3578 quod
2682 3497 2853 3562 inde

593 3611 631 3654 e
693 3587 886 3655 caelo
946 3593 1380 3654 consentiens
1440 3591 1781 3655 influxerit
1842 3593 1909 3654 in
1972 3592 2466 3672 cogitationem
2526 3589 2853 3672 loquelae

594 3686 998 3767 proximam,
1028 3685 1113 3747 ab
1139 3704 1370 3748 amore
1397 3686 1685 3748 naturali
1712 3687 2089 3749 excitatam
2114 3694 2184 3748 et
2211 3686 2577 3749 incensam.
2648 3683 2853 3766 Quo-

594 3779 774 3842 niam
828 3779 893 3842 in
947 3780 1268 3860 superiori
1316 3779 1602 3842 articulo
1648 3777 1874 3843 astum
1921 3789 2028 3842 est
2082 3779 2168 3856 de
2214 3798 2443 3842 amore
2488 3779 2850 3860 spirituali,

592 3875 705 3956 qui
735 3882 842 3937 est
873 3873 1024 3946 illis,
1060 3884 1129 3938 et
1168 3875 1278 3957 qui
1323 3873 1482 3937 facit
1513 3875 1725 3937 vitam
1758 3875 2025 3937 illorum
2057 3875 2168 3956 qui
2214 3875 2280 3936 in
2312 3873 2614 3937 secundo
2645 3873 2853 3938 caelo

593 3978 775 4042 sunt,
815 3977 886 4031 et
933 3970 1086 4050 quia
1123 3969 1330 4032 homo
1366 3988 1504 4031 non
1543 3970 1672 4032 scit
1710 3969 2055 4051 quomodo
2091 3987 2284 4031 amor
2327 3967 2403 4031 fit
2446 3967 2847 4048 spiritualiS‚

594 4065 824 4143 paucis
859 4062 966 4126 hic
1005 4063 1286 4128 dicetur.
1376 4061 1617 4126 Omnis
1654 4083 1847 4127 amor
1881 4063 1956 4127 fit
1994 4062 2359 4144 spiritualis
2396 4080 2515 4144 per
2550 4083 2712 4125 vera
2752 4085 2851 4128 ex

594 4156 851 4232 Verbo,
891 4167 1220 4239 quantum
1259 4157 1374 4220 illa
1410 4158 1618 4221 homo
1656 4159 1969 4240 agnoscit
2007 4167 2077 4221 et
2114 4169 2444 4240 quantum
2481 4155 2851 4222 intellectu

594 4251 807 4326 videt,
863 4259 934 4313 et
989 4261 1230 4331 postea
1282 4260 1490 4328 amat,
1547 4252 1678 4315 hoc
1734 4262 1862 4326 est,
1918 4273 2009 4315 ex
2070 4251 2429 4316 voluntate
2485 4251 2645 4314 facit
2698 4251 2847 4316 illa.

595 4341 799 4426 Quod
853 4363 1045 4408 amor
1093 4343 1212 4408 fiat
1267 4345 1627 4427 spiritualis
1681 4366 1802 4427 per
1851 4366 2013 4409 vera
2064 4366 2155 4410 ex
2203 4344 2457 4421 Verb0,
2505 4352 2850 4427 quantum

592 4439 803 4502 homo
855 4442 1168 4522 agnoscit
1221 4439 1357 4516 illa,
1413 4459 1492 4504 ac
1545 4437 1900 4504 intellectu
1952 4441 2141 4504 videt
2194 4439 2330 4516 illa,
2386 4449 2493 4502 est
2551 4439 2712 4521 quia
2779 4442 2849 4504 in

592 4533 866 4597 homine
909 4544 1067 4597 sunt
1113 4533 1313 4598 binae
1358 4535 1746 4610 memoriae,
1788 4543 1859 4598 et
1904 4535 2061 4598 inde
2108 4534 2309 4598 binae
2354 4533 2845 4616 cogitatione3‚

593 4637 735 4690 tam
766 4629 944 4712 apud
977 4629 1193 4694 malos
1225 4647 1427 4712 quam
1459 4629 1639 4710 apud
1670 4629 1909 4706 bonoS,
1944 4647 2190 4710 nempe
2221 4629 2500 4692 interior
2528 4637 2602 4692 et
2630 4639 2849 4692 exte-
