3259 5384
969 677 1130 730 cAP.
1163 678 1345 740 xm„
1379 677 1588 730 vans.
1630 663 1887 728 16.--N.
1920 663 2063 744 837.
2466 675 2634 744 2337

401 847 582 931 quod
641 867 760 930 per
801 843 1228 912 affectionem
1281 846 1701 929 intelligatur
1752 865 1943 911 amor
1994 846 2063 910 in
2114 866 2237 909 suo
2289 845 2632 908 continuo.

403 942 524 1026 (2.)
583 942 786 1025 Quod
832 952 984 1007 tota
1027 945 1169 1007 vita
1214 943 1504 1006 hominis
1551 943 1638 1006 sit
1674 943 1817 1006 vita
1862 943 2109 1005 amoris
2147 940 2307 1022 ejuS‚
2342 949 2413 1003 et
2451 938 2635 1021 quod

399 1058 591 1102 arnor
628 1048 698 1102 et
736 1038 876 1102 vita
921 1038 1099 1120 apud
1145 1037 1491 1100 hominem
1539 1055 1743 1098 unum
1790 1035 2061 1111 faciant,
2102 1049 2180 1098 ac
2230 1053 2435 1096 unum
2473 1031 2631 1107 sint,

399 1143 716 1196 constare
759 1141 989 1214 potest
1035 1153 1126 1194 ex
1173 1151 1373 1212 supra
1418 1128 1614 1194 dictis
1639 1151 1655 1208 ;
1716 1129 1899 1212 quod
1944 1149 2190 1212 nempe
2236 1129 2515 1210 quisque
2564 1128 2633 1190 in

399 1226 656 1289 mundo
695 1225 1024 1307 spirituali
1068 1234 1393 1306 appareat
1439 1224 1606 1287 facie
1653 1223 2026 1287 secundum
2070 1240 2369 1286 amorem
2414 1239 2631 1295 suum,

399 1319 715 1402 loquatur
750 1320 1122 1382 secundum
1171 1319 1382 1393 illum,
1425 1320 1709 1400 cogitet,
1748 1317 1937 1393 velit,
1978 1318 2338 1390 desideret,
2380 1317 2629 1397 cupiat,

401 1413 714 1487 laetetur,
753 1413 1198 1477 contristetur
1233 1413 1603 1476 secundum
1650 1412 1878 1490 illum;
1932 1421 2005 1475 et
2050 1412 2218 1475 haec
2264 1419 2421 1474 sunt
2459 1429 2633 1491 quae

398 1508 654 1571 faciunt
683 1508 916 1580 vitam,
951 1525 1028 1570 ac
1069 1507 1446 1588 procedunt
1484 1527 1522 1569 a
1559 1507 1737 1570 vita:
1786 1505 1966 1589 quod
2003 1507 2100 1569 ita
2134 1507 2244 1579 sit,
2279 1504 2635 1567 manifeste

399 1610 680 1665 constat
718 1622 806 1664 ex
841 1601 1180 1684 spiritibus
1219 1613 1290 1664 et
1329 1600 1612 1682 angeliS,
1663 1600 1777 1682 qui
1814 1619 2053 1663 omnes
2088 1610 2249 1663 sunt
2286 1608 2429 1662 tarn
2466 1597 2636 1662 facie

401 1713 607 1777 quam
629 1715 912 1777 corpore
937 1695 1247 1758 homines
1273 1717 1287 1770 ;
1339 1705 1410 1758 ut
1436 1697 1723 1777 primum
1749 1694 1989 1778 aliquis
2020 1694 2377 1775 impugnat
2402 1711 2635 1754 eorum

401 1809 730 1865 amorem,
793 1791 1142 1852 evanescit
1204 1788 1317 1852 ille
1378 1809 1530 1852 cum
1593 1798 1748 1853 toto
1810 1808 1933 1851 suo
1992 1807 2293 1869 corpore,
2359 1785 2637 1849 tametsi

401 1883 702 1946 inclusus
733 1883 1042 1947 conclavi
1077 1885 1366 1958 sederet,
1395 1883 1576 1966 quod
1609 1884 1876 1964 saepius
1913 1883 2075 1946 mihi
2100 1883 2316 1945 visum
2349 1891 2495 1957 est;
2545 1899 2636 1944 ex

405 1997 542 2058 quo
579 1978 801 2059 patuit
837 1977 1018 2059 quod
1065 1977 1350 2059 angelus
1395 1988 1467 2041 et
1513 1977 1787 2060 spiritus
1824 1997 1961 2040 non
2000 1976 2207 2040 modo
2243 1977 2333 2038 sit
2370 1972 2637 2039 affectio

401 2071 472 2132 in
518 2070 736 2134 forma
779 2070 1097 2146 humana,
1137 2073 1258 2134 sed
1304 2073 1514 2134 etiam
1553 2071 1736 2152 quod
1784 2079 1936 2134 tota
1978 2071 2121 2134 vita
2158 2068 2298 2150 ejus
2334 2091 2375 2132 a
2410 2069 2638 2151 capite

403 2164 488 2226 ad
546 2163 856 2246 plantam
912 2165 1123 2246 pedis,
1174 2185 1292 2228 seu
1338 2185 1378 2227 a
1428 2164 1610 2248 pileo
1664 2164 1751 2228 ad
1796 2164 2124 2240 calceum,
2174 2183 2310 2226 non
2364 2165 2453 2227 sit
2513 2163 2639 2226 nisi

403 2277 608 2340 quam
670 2255 938 2322 affectio
988 2278 1162 2340 quae
1205 2260 1493 2336 amoris;
1556 2258 1805 2341 alioqui
1858 2277 1995 2322 non
2054 2258 2389 2340 potuisset
2447 2266 2640 2321 totus

404 2371 495 2414 ex
543 2351 762 2415 oculis
821 2352 1265 2416 assidentium
1327 2371 1754 2416 evanescere.
1861 2352 2261 2435 Inquisitum
2320 2362 2426 2414 est
2479 2368 2639 2413 num

405 2444 626 2509 forma
669 2445 811 2527 ejus
857 2465 1183 2528 corporea
1229 2467 1381 2509 cum
1444 2446 1582 2527 ejus
1629 2443 1951 2513 membris
1988 2446 2195 2510 etiam
2240 2446 2330 2508 sit
2374 2444 2641 2508 affectio

405 2559 579 2623 quae
633 2540 902 2616 amoriS,
952 2551 1023 2604 et
1079 2551 1506 2622 compertum
1568 2551 1677 2604 est
1733 2541 1915 2623 quod
1960 2541 2189 2603 omnia
2241 2549 2312 2603 et
2373 2538 2643 2621 singula

406 2624 642 2697 eoru‘m
688 2635 868 2712 sint;
931 2654 1138 2699 causa
1181 2645 1309 2709 est,
1350 2636 1505 2718 quia
1551 2636 1933 2698 universum
1978 2633 2263 2708 caelum,
2313 2633 2515 2717 quod,
2565 2642 2641 2696 ut

405 2747 614 2810 supra
651 2725 904 2791 dictum
943 2738 1072 2802 est,
1113 2729 1178 2791 in
1226 2730 1598 2792 societates
1644 2728 2017 2792 secundum
2054 2747 2294 2792 omnes
2324 2726 2639 2790 differen-

403 2823 544 2884 tias
579 2832 647 2885 et
687 2823 1058 2886 varietates
1095 2820 1524 2885 affectionum
1562 2819 1956 2885 distinctum
1992 2831 2064 2884 et
2102 2820 2463 2884 formatum
2509 2831 2639 2895 est,

405 2915 614 2980 refert
663 2934 871 2978 unum
926 2915 1316 2989 Hominem,
1365 2926 1437 2979 et
1493 2935 1731 2979 omnes
1778 2914 2003 2997 angeli
2048 2925 2121 2978 et
2166 2916 2439 2997 spiritus
2484 2916 2643 2980 inde

405 3019 572 3072 sunt
609 3009 865 3072 formae
903 3008 1282 3086 humanae;
1329 3029 1535 3092 quare
1572 3011 1747 3072 sicut
1784 3009 2049 3072 caelum
2086 3019 2193 3072 est
2238 3007 2643 3091 complexus

405 3105 716 3166 omnium
761 3100 1212 3178 affectionum,
1261 3104 1358 3167 ita
1405 3124 1673 3186 quoque
1724 3103 2009 3186 angelus
2054 3113 2127 3168 et
2184 3105 2481 3186 spiritus,
2528 3105 2643 3186 qui

403 3206 570 3260 sunt
619 3197 938 3260 minimae
981 3197 1236 3260 formae
1289 3197 1480 3260 caeli.
1574 3197 1743 3262 Inde
1786 3199 2009 3280 patuit
2058 3197 2221 3260 mihi
2275 3197 2405 3261 hoc
2451 3217 2643 3261 arca-

407 3310 594 3366 num,
636 3291 817 3372 quod
854 3293 1063 3355 etiam
1103 3290 1576 3354 confirmatum
1613 3302 1722 3355 est
1760 3312 1798 3356 e
1834 3291 2049 3366 caelo,
2087 3291 2269 3374 quod
2308 3292 2536 3354 omnia
2573 3301 2645 3356 et

407 3384 682 3466 singula
733 3384 1024 3448 hominis
1080 3396 1220 3448 tam
1282 3406 1456 3468 quae
1509 3387 1761 3450 mentis
1811 3385 1951 3466 ejus
2004 3397 2161 3449 sunt
2214 3405 2417 3468 quam
2472 3406 2646 3468 quae

408 3479 734 3562 corpori-⁰„
783 3480 920 3543 sint
979 3480 1231 3543 formae
1289 3481 1540 3542 amoris
1597 3481 1665 3542 in
1720 3479 2007 3544 mirabili
2064 3481 2275 3559 serie;
2334 3491 2407 3544 et
2460 3481 2642 3562 quod

411 3593 677 3655 organa
713 3574 967 3636 cerebri
1013 3585 1084 3636 et
1123 3574 1334 3648 faciei,
1371 3585 1518 3637 turn
1557 3575 1863 3638 membra
1904 3583 1977 3638 et
2013 3577 2273 3639 viscera
2317 3576 2640 3656 corporis,

409 3671 550 3732 sint
599 3679 968 3750 perpetuae
1022 3677 1477 3732 contexturae
1523 3669 2138 3751 correspondentes
2182 3667 2647 3732 affectionibus

411 3763 607 3839 caeli,
665 3763 734 3825 in
788 3762 1027 3844 quibus
1079 3771 1238 3825 sunt
1295 3763 1665 3827 societates
1702 3762 1861 3844 ejus,
1972 3763 2140 3826 Inde
2188 3762 2407 3826 adhuc
2464 3761 2647 3825 aliud

411 3875 736 3922 arcanum
771 3856 933 3919 mihi
964 3857 1206 3939 patuit,
1244 3856 1424 3938 quod
1456 3875 1703 3938 nempe
1733 3853 2121 3919 affectiones
2153 3865 2223 3919 et
2262 3856 2418 3919 inde
2455 3859 2645 3938 cogi-

413 3952 720 4014 tationes
777 3952 1028 4013 mentis
1087 3951 1564 4032 exspatientur
1623 3960 1695 4014 et
1755 3970 1827 4014 se
1886 3949 2235 4014 effundant
2293 3951 2361 4013 in
2418 3952 2647 4014 omnia

413 4045 739 4126 corpori3‚
767 4045 938 4106 sicut
965 4045 1033 4107 in
1058 4063 1373 4127 campum
1399 4044 1498 4106 sui
1523 4063 1849 4107 excursus
1874 4054 1945 4108 et
1971 4045 2603 4126 circumgyrationis
2630 4067 2645 4123 ;

411 4142 526 4224 qui
572 4158 854 4220 campus
902 4147 974 4202 et
1033 4139 1558 4220 circumgyratio
1604 4150 1711 4202 est
1766 4159 1806 4202 a
1860 4139 2109 4202 mentis
2162 4136 2517 4202 affectione
2576 4149 2647 4204 et

413 4235 558 4316 ejus
603 4233 1030 4315 cogitatione
1075 4234 1142 4296 in
1189 4253 1368 4306 usus,
1408 4253 1498 4296 ex
1535 4233 1797 4314 quibuS,
1836 4233 1905 4296 in
1949 4232 2191 4315 quibus
2234 4243 2305 4296 et
2352 4233 2439 4296 ad
2478 4253 2648 4316 quos

415 4328 726 4393 membra
759 4338 832 4391 et
869 4328 1125 4390 viscera
1171 4328 1470 4409 corporis
1509 4327 1801 4390 formata
1846 4336 2044 4405 sunt;
2090 4327 2309 4392 simile
2355 4328 2534 4390 enim
2580 4327 2649 4391 id

415 4433 522 4488 est
578 4441 736 4486 curn
787 4419 1253 4486 affectionibus
1306 4431 1377 4484 et
1431 4421 1588 4484 inde
1643 4421 2175 4503 cogitationibus
2220 4421 2647 4504 angelorum,

415 4516 600 4600 quod
647 4515 804 4579 illae
841 4534 1376 4598 quaquaversum
1431 4517 1498 4578 in
1544 4514 1808 4579 caelum
1854 4526 1926 4579 et
1971 4514 2112 4597 ejus
2156 4515 2528 4580 societates
2573 4535 2649 4580 se

417 4609 791 4685 effundant,
831 4619 902 4673 et
940 4609 1119 4692 quod
1157 4609 1494 4691 sapientia
1537 4607 1938 4690 angelorum
1974 4611 2064 4673 sit
2108 4609 2481 4673 secundum
2520 4629 2649 4673 ex·
