3259 5384
652 718 822 787 2470
1269 712 1774 767 APOCALYPSIS
1817 712 2270 765 EXPLICATA.

650 889 822 957 locis
860 888 926 953 in
964 888 1201 952 Verbo
1237 887 1348 951 ubi
1383 886 1642 951 “vinea
1656 884 1686 911 ’⁹
1717 883 1965 950 dicitur

748 1001 848 1066 (Ut
870 1001 1018 1052 Esai.
1042 1002 1075 1052 i.
1096 1002 1125 1051 8
1146 1014 1160 1060 ς
1194 1015 1307 1064 cap.
1326 1000 1398 1051 iii.
1420 1012 1512 1061 14;
1540 1013 1654 1062 cap.
1675 1012 1724 1049 v.
1739 1010 1897 1058 1-1o;
1931 1012 2044 1062 cap.
2064 998 2169 1048 xvi.
2192 1010 2285 1057 τος
2313 1011 2428 1061 cap.
2449 996 2627 1046 xxxvi.
2651 1006 2744 1056 ης
2779 1010 2889 1059 cap.

914 1066 1111 1117 xxxvii.
1138 1076 1233 1127 30;
1268 1079 1382 1129 cap.
1410 1066 1517 1115 lxv.
1544 1077 1636 1115 21:
1679 1062 1869 1129 Jerm.
1898 1064 1988 1114 xii.
2015 1076 2107 1122 τος
2135 1078 2250 1127 cap.
2279 1064 2439 1113 xxxii.
2469 1074 2559 1123 153
2593 1075 2709 1124 cap.
2733 1074 2887 1112 xxxv.

914 1144 961 1193 7,
990 1146 1053 1196 93
1088 1146 1204 1196 cap.
1236 1130 1415 1182 xxxix.
1448 1143 1535 1181 10:
1572 1128 1756 1180 Eucle.
1781 1130 1963 1179 xxviii.
1993 1129 2085 1179 26:
2119 1128 2306 1179 Hoscla.
2331 1128 2383 1177 ii.
2415 1139 2505 1187 15:
2541 1128 2701 1176 Amos
2727 1127 2798 1176 iv.
2824 1139 2888 1189 93

914 1212 1029 1262 eap.
1053 1212 1106 1248 v.
1137 1209 1214 1257 11,
1248 1207 1339 1256 173
1382 1210 1496 1259 cap.
1526 1196 1594 1246 ix.
1626 1208 1717 1254 14:
1757 1193 1926 1247 Mic-le.
1949 1194 1983 1245 ἰ.
2011 1194 2072 1244 6:
2121 1194 2269 1258 Zeph„
2298 1194 2332 1243 i.
2365 1205 2456 1254 13:
2501 1188 2580 1241 [¹11
2622 1192 2761 1241 Sam..
2783 1191 2888 1242 viii.

917 1275 995 1322 14,
1019 1274 1109 1323 15:
1144 1261 1342 1311 Psalm.
1360 1262 1479 1311 cvii.
1504 1273 1600 1322 37:
1637 1260 1833 1311 Matth.
1852 1274 1940 1311 xx.
1962 1260 2086 1318 1-83
2121 1272 2236 1322 cap.
2260 1258 2366 1308 xxi.
2393 1258 2471 1317 28,
2496 1258 2688 1319 38—41:
2724 1257 2888 1307 Man.

912 1328 1003 1379 xii.
1031 1341 1153 1391 1—9:
1194 1327 1320 1377 Luc.
1348 1327 1460 1378 xiii.
1492 1325 1540 1387 6,
1568 1338 1633 1387 73
1667 1340 1783 1390 etp.
1806 1340 1892 1377 xx.
1919 1324 2084 1389 9-16:
2123 1325 2193 1374 de
2219 1322 2436 1383 “Vite,”
2465 1322 2590 1388 Jok.
2619 1336 2706 1372 xv.
2737 1332 2887 1371 1-12:

914 1402 1127 1457 praeter
1148 1393 1204 1442 in
1228 1392 1499 1443 historicis
1519 1392 1729 1455 Verbi):

654 1535 745 1581 ex
790 1515 1032 1597 quibus
1076 1514 1429 1580 evidenter
1473 1524 1790 1578 constare
1835 1522 2090 1595 potest,
2139 1514 2320 1596 quod
2366 1532 2485 1595 per
2523 1511 2888 1576 “vineam’'

647 1606 1081 1689 intelligatur
1102 1605 1417 1670 ecclesia.
1488 1622 1746 1680 (videatur
1761 1622 1905 1668 etiam
1921 1634 2082 1681 supra.
2097 1635 2145 1667 a.
2163 1622 2197 1685 3
2204 1604 2888 1685 76tb.c].403[b].638[a1.

644 1694 791 1776 918.
813 1710 899 1756 ubi
920 1710 1061 1768 plura
1078 1709 1189 1755 loca
1208 1710 1272 1755 de
1293 1703 1321 1723 ‘⁶
1338 1708 1479 1754 vinea
1494 1708 1519 1725 '⁸
1543 1708 1783 1767 explicata
1808 1708 1958 1767 sunt.)
2035 1690 2152 1755 EX
2186 1692 2691 1773 Significatione
2735 1691 2887 1753 “Vi-

648 1806 817 1851 neae
833 1784 863 1812 ’⁹
899 1796 1215 1850 constare
1260 1794 1491 1868 potest
1537 1785 1719 1868 quod
1766 1804 1885 1867 per
1924 1785 2396 1849 “vindemiare
2411 1783 2442 1810 ”
2477 1782 2890 1865 significetur

648 1880 971 1965 colligere
1016 1881 1101 1944 ad
1150 1900 1307 1944 usus
1351 1878 1467 1943 illa
1510 1900 1684 1962 quae
1729 1880 2129 1943 inservitura
2173 1890 2333 1943 sunt
2379 1874 2780 1953 intelleEtui,
2819 1888 2888 1941 et

650 1976 893 2039 datura
936 1973 1462 2057 intelligentiam
1508 1984 1580 2037 et
1626 1974 2052 2055 sapientiam,
2091 1992 2171 2037 ac
2217 1974 2285 2035 in
2331 1972 2650 2055 opposito
2689 1991 2888 2035 sensu

648 2070 1004 2135 devastare
1041 2069 1399 2133 ecclesiam
1437 2068 1661 2151 quoad
1708 2068 1962 2132 bonum
1998 2066 2367 2149 spirituale,
2406 2077 2477 2130 et
2523 2068 2618 2129 sic
2663 2065 2887 2148 quoad

648 2161 1073 2228 affeftionem
1105 2182 1183 2225 ac
1216 2159 1639 2226 intellectum
1671 2164 1810 2226 veri
1839 2183 1854 2226 :
1895 2162 1962 2225 in
1993 2164 2312 2244 opposito
2335 2162 2466 2226 hoc
2499 2182 2702 2225 sensu
2727 2162 2888 2226 dici·

652 2269 761 2324 tur
800 2259 1198 2322 “vindemia
1213 2256 1242 2282 ”
1274 2266 1344 2321 et
1387 2256 1915 2333 “vindemiare,''
1951 2276 2106 2321 cum
2145 2276 2281 2321 non
2319 2256 2607 2339 amplius
2643 2256 2888 2342 racemi

648 2373 767 2417 seu
797 2373 968 2416 uvae
999 2352 1302 2416 residuae
1326 2361 1485 2415 sunt
1516 2373 1531 2428 ;
1580 2371 1700 2433 per
1728 2352 1910 2433 quod
1941 2351 2010 2415 in
2041 2351 2370 2433 spirituali
2401 2370 2606 2414 sensu
2636 2349 2888 2433 signifi·

649 2456 841 2511 catur
860 2447 1043 2528 quod
1067 2464 1268 2509 omne
1295 2445 1549 2509 bonum
1577 2445 1942 2527 spirituale,
1963 2456 2033 2510 et
2059 2446 2215 2509 inde
2235 2464 2438 2509 omne
2459 2462 2693 2508 verum
2712 2442 2888 2526 quod

649 2542 714 2603 in
753 2562 826 2603 se
863 2559 1095 2603 verum
1132 2550 1259 2615 est,
1300 2540 1730 2620 deperditum
1767 2542 1876 2614 sit,
1915 2539 2098 2623 quod
2137 2540 2462 2621 imprimis
2497 2538 2566 2601 in
2604 2536 2891 2601 ecclesia

649 2633 725 2699 fit
762 2655 879 2717 per
911 2633 1411 2698 falsificationes
1443 2632 1697 2713 Verbi3
1744 2644 1890 2699 tum
1929 2634 2202 2718 quando
2239 2632 2490 2697 malum
2523 2633 2706 2695 vitae
2743 2652 2888 2696 cor·

650 2718 899 2809 rumpit
952 2746 1154 2791 omne
1207 2727 1481 2803 bonum,
1528 2738 1602 2791 et
1655 2736 1818 2792 tunc
1873 2727 2113 2791 falsum
2168 2725 2516 2791 doctrinae
2561 2726 2886 2808 pervertit

650 2841 851 2887 omne
888 2840 1160 2899 verum;
1213 2821 1343 2885 hoc
1383 2821 1782 2885 describitur
1817 2822 2023 2885 etiam
2073 2819 2250 2903 [per]
2295 2826 2738 2883 “vastatores
2753 2818 2786 2844 ”
2819 2828 2888 2882 et

651 2936 769 2999 per
791 2921 830 2950 ‘⁶
847 2915 1076 2980 sureS.’'
1136 2914 1339 2997 Quod
1365 2916 1594 2998 itaque
1614 2936 1733 2997 per
1757 2921 1796 2948 ‘⁶
1813 2916 2409 2979 vindemiationem
2427 2914 2458 2938 ’⁹
2477 2912 2891 2995 significetur

648 3012 1054 3087 devastati0,
1089 3020 1281 3092 patet
1317 3030 1408 3073 ex
1446 3009 1885 3092 sequentibus
1924 3009 2090 3073 locis
2115 3006 2433 3091 z—Apud
2469 3006 2782 3085 Esaiam,

749 3136 1017 3188 “Clamor
1042 3152 1204 3201 super
1226 3138 1357 3187 vino
1385 3138 1440 3188 in
1470 3137 1678 3201 plateis,
1703 3137 2138 3187 commiscebitur
2163 3151 2326 3187 omne
2349 3136 2623 3199 gaudium,
2655 3135 2890 3186 exulabit

914 3204 1117 3253 laetitia
1134 3214 1307 3253 terrae
1326 3218 1339 3263 ;
1364 3204 1625 3267 reliquum
1645 3203 1699 3252 in
1715 3204 1844 3252 urbe
1865 3203 2104 3261 vastitas,
2122 3212 2178 3252 et
2194 3216 2362 3266 usque
2375 3202 2444 3251 ad
2463 3202 2888 3251 devastationem

913 3269 1272 3319 contundetur
1294 3278 1477 3332 porta:
1508 3268 1585 3317 sic
1611 3282 1844 3332 namque
1867 3269 1970 3318 erit
1991 3266 2046 3317 in
2071 3267 2251 3317 medio
2274 3278 2470 3317 terrae.
2491 3304 2504 3317 .
2522 3303 2535 3316 .
2557 3268 2721 3318 .sicut
2742 3268 2888 3316 stric-

846 3384 869 3391 ,
912 3343 1035 3461 {ura
1063 3334 1230 3393 oleae,
1256 3336 1394 3460 s)icut
1417 3334 1807 3385 raoemationes
1829 3334 2046 3398 quando
2067 3342 2444 3383 consummata
2465 3341 2550 3382 est
2575 3329 2888 3383 vindemia”

934 3414 1075 3449 xxiv.
1106 3411 1263 3461 11-13
1306 3412 1319 3457 3

653 3542 772 3605 per
829 3523 998 3587 haec
1059 3522 1459 3587 describitur
1512 3520 1731 3587 luctus
1783 3542 1984 3605 super
2035 3522 2510 3586 devastatione
2559 3519 2889 3585 ecclesiae

650 3619 877 3700 quoad
914 3617 1170 3681 bonum
1206 3617 1506 3681 caeleste
1543 3627 1615 3681 et
1653 3617 1877 3701 quoad
1915 3617 2168 3681 bonum
2201 3605 2568 3697 spirituale,
2603 3612 2787 3697 quod
2822 3614 2888 3675 in

651 3732 776 3775 sua
807 3713 1104 3776 essentia
1134 3722 1242 3775 est
1277 3730 1511 3775 verum
1540 3732 1633 3775 ex
1672 3711 1994 3790 caelesti3
2041 3710 2428 3774 devastatio
2459 3708 2573 3772 illa
2610 3726 2886 3789 compa·

651 3816 837 3869 ratur
883 3803 1296 3871 “striEturae
1334 3804 1585 3882 oleae,”
1616 3816 1690 3871 et
1725 3804 2348 3871 “racemationibus
2381 3804 2540 3866 dum
2572 3820 2888 3865 consum·

652 3906 841 3962 mata
873 3907 982 3961 est
1012 3896 1415 3960 vindemia.”
1500 3912 1621 3973 (Sed
1641 3913 1762 3960 haec
1781 3913 1929 3973 prius.
1950 3926 2002 3960 n.
2028 3910 2244 3977 313151.
2265 3895 2486 3976 6381c1.
2507 3910 2748 3969 explicata
2764 3908 2892 3955 vide·

648 4000 831 4060 antur.)
916 3983 1129 4067 Apud
1164 3984 1484 4059 eundem,

751 4118 781 4139 ⁴·
800 4114 965 4166 Filiae
993 4116 1326 4166 confidentes
1361 4116 1592 4174 auribus,
1622 4115 1877 4179 percipite
1904 4128 2210 4164 sermonem
2241 4106 2418 4163 meum
2441 4127 2454 4173 ;
2493 4126 2699 4161 annum
2735 4124 2892 4173 supra

916 4195 1119 4231 annum
1145 4180 1636 4239 commovebimini,
1664 4180 2010 4239 confidentes,
2029 4180 2155 4244 quia
2175 4187 2582 4229 consummatur
2603 4176 2890 4235 vindemia,

912 4244 1158 4296 colledtio
1182 4262 1294 4296 non
1318 4247 1501 4296 veniet
1516 4245 1545 4266 ”
1568 4244 1753 4307 (xxxii.
1776 4260 1822 4309 9,
1851 4244 1960 4309 10):

652 4392 775 4454 per
802 4370 1035 4435 '“filias
1066 4370 1489 4435 confidentes
1505 4370 1537 4397 ”
1560 4368 2027 4453 significantur
2056 4368 2150 4433 illi
2179 4368 2247 4432 in
2279 4368 2567 4433 ecclesia
2599 4366 2714 4451 qui
2744 4366 2890 4449 plus

652 4476 889 4529 amant
934 4464 1105 4529 falsa
1148 4483 1349 4547 quam
1396 4486 1555 4529 vera
1577 4486 1593 4544 ;
1656 4464 1837 4547 quod
1882 4484 2044 4528 vera
2087 4464 2268 4545 apud
2316 4463 2468 4527 illos
2515 4464 2890 4525 successive

652 4570 723 4624 et
758 4560 823 4623 in
854 4560 1039 4623 omni
1064 4570 1251 4623 statu
1275 4560 1752 4636 diminuantur,
1780 4558 2198 4641 significatur
2227 4576 2347 4640 per
2369 4557 2550 4639 quod
2580 4560 2889 4619 “annum

649 4674 852 4737 supra
874 4674 1126 4719 annum
1149 4664 1743 4725 commoverentur
1764 4653 1816 4736 ;”
1853 4654 2238 4719 devastatio
2262 4653 2483 4717 omnis
2506 4652 2648 4716 veri
2679 4668 2886 4734 usque
