3259 5384
608 677 774 743 2322
1230 675 1735 731 APOCALYPSIS
1778 676 2227 728 EXPLICATA.

605 846 797 922 bant,
838 855 982 910 tum
1029 844 1386 910 columnae
1431 856 1504 911 et
1541 847 1859 930 porticuS‚
1900 867 2053 912 cum
2089 849 2269 911 vasis
2310 868 2403 912 ex
2450 867 2635 924 auro,
2676 867 2869 930 quae

607 941 834 1004 omnia
889 940 1017 1004 illis
1077 941 1262 1004 licuit
1323 941 1544 1004 colere
1591 942 1765 1006 sicut
1812 939 2068 1017 sancta,
2118 941 2325 1005 modo
2382 951 2867 1023 agnoscerent

607 1033 1149 1098 Tabernaculum
1194 1053 1272 1098 ac
1321 1043 1561 1115 postea
1605 1035 1970 1118 Templum
2016 1056 2139 1117 pro
2186 1034 2605 1099 Habitaculo
2639 1034 2871 1116 Jeho-

605 1148 771 1192 vae:
819 1129 986 1192 haec
1019 1129 1184 1191 data
1221 1139 1378 1191 sunt
1416 1129 1546 1191 illis
1584 1149 1669 1193 ne
1706 1127 2148 1194 deflecterent
2184 1130 2269 1193 ad
2308 1128 2749 1193 idololatrica
2788 1139 2871 1193 et

606 1224 894 1304 magica,
933 1243 1106 1304 quae
1146 1232 1306 1286 tunc
1345 1232 1538 1286 erant
1579 1223 1759 1304 apud
1796 1225 2015 1287 varias
2051 1233 2297 1306 gentes
2334 1224 2400 1286 in
2440 1222 2637 1297 Asia,
2670 1233 2753 1287 ut
2796 1225 2875 1286 in

606 1315 961 1398 Aegypto,
1003 1314 1218 1397 Syria,
1255 1315 1558 1398 Assyria,
1597 1316 1872 1392 Babele,
1914 1317 2100 1398 Tyro
2138 1326 2209 1382 et
2246 1315 2519 1392 Sidone,
2560 1315 2868 1393 Arabia,

607 1411 1002 1492 Aethiopia,
1040 1411 1560 1492 Mesopotamia,
1595 1432 1674 1475 ac
1712 1411 2037 1492 imprimis
2073 1413 2139 1474 in
2178 1422 2360 1476 terra
2388 1411 2745 1487 Canaane,
2788 1423 2873 1476 et

610 1507 858 1569 circum
891 1505 1096 1569 illam.
1185 1505 1298 1568 Ex
1333 1505 1435 1568 his
1466 1517 1784 1569 constare
1818 1516 2049 1586 potest
2082 1505 2259 1568 unde
2292 1515 2398 1568 est
2422 1504 2605 1587 quod
2642 1507 2873 1570 “ido-

609 1599 674 1662 la
689 1598 720 1624 ”
745 1600 810 1662 in
836 1599 1072 1663 Verbo
1101 1597 1485 1681 significent
1515 1600 1685 1664 falsa
1718 1600 2081 1682 religioniS‚
2110 1620 2188 1664 ac
2217 1601 2606 1682 “imagines
2624 1597 2657 1625 ’⁹
2680 1601 2875 1664 doc-

609 1694 900 1758 trinalia.
990 1692 1193 1777 Quod
1240 1693 1408 1758 talia
1450 1694 1699 1758 fuerint
1745 1695 1925 1776 apud
1970 1695 2190 1758 varias
2245 1704 2495 1777 gentes
2538 1697 2606 1758 in
2653 1696 2876 1760 terris

610 1787 955 1865 AsiaticiS‚
985 1799 1296 1852 constare
1323 1799 1554 1870 potest
1579 1809 1671 1851 ex
1697 1789 1823 1851 diis
1850 1788 2146 1851 Labanis
2176 1786 2351 1869 Syri,
2378 1807 2549 1870 quos
2580 1787 2874 1851 Rachel

611 1903 786 1944 uxor
818 1881 1055 1963 Jacobi
1091 1882 1374 1945 abstulit
1417 1881 1606 1963 (Gen.
1641 1883 1842 1945 xxxi.
1884 1899 1978 1963 19,
2014 1881 2168 1964 20);
2214 1903 2305 1946 ex
2330 1881 2557 1945 vitulis
2591 1891 2666 1945 et
2707 1881 2877 1945 aliis

611 1977 810 2041 idolis
839 1979 908 2041 in
946 1977 1280 2060 Aegypto
1304 1999 1318 2055 ;
1367 1998 1454 2040 ex
1495 1977 2025 2061 hieroglyphicis
2068 1977 2159 2040 ibi
2202 1977 2486 2058 sculptis
2532 1987 2604 2040 et
2653 1975 2877 2058 pictis

609 2073 676 2135 in
715 2073 1009 2152 templis,
1043 2092 1242 2153 super
1280 2072 1592 2136 obeliscis
1629 2082 1703 2136 et
1739 2092 1941 2154 super
1970 2071 2377 2153 parietibus;
2424 2091 2514 2134 ex
2556 2070 2873 2153 Dagone

611 2165 798 2230 idolo
853 2167 1416 2230 Philisthaeorum
1471 2168 1540 2230 in
1592 2167 1912 2244 Ekrone3
1981 2167 2068 2230 ab
2126 2165 2323 2229 idolis
2382 2185 2423 2228 a
2482 2163 2878 2230 Salomone

610 2257 825 2336 factis,
865 2280 946 2324 ac
983 2271 1224 2342 postea
1270 2281 1310 2324 a
1355 2261 1628 2342 regibus
1664 2262 1730 2324 in
1769 2259 2032 2342 templo
2070 2258 2615 2340 Hierosolymae,
2656 2279 2745 2323 ac
2800 2262 2877 2324 in

611 2354 955 2432 Samaria;
1003 2365 1073 2418 et
1107 2355 1196 2418 ab
1226 2354 1572 2429 altaribus,
1607 2355 1875 2429 statuis,
1910 2352 2313 2436 imaginibus
2344 2363 2417 2416 et
2448 2352 2637 2427 luciS,
2670 2355 2875 2435 apud

613 2459 859 2531 gentes
911 2459 1152 2524 terrae,
1207 2469 1382 2530 quae
1433 2447 1550 2512 filii
1605 2447 1875 2512 Israelis
1929 2448 2277 2511 destruere
2322 2445 2486 2527 jussi
2536 2457 2727 2524 sunt,
2794 2459 2879 2513 ut

613 2554 809 2626 patet
846 2565 935 2607 ex
974 2546 1172 2607 variis
1209 2545 1377 2608 locis
1415 2544 1480 2606 in
1514 2543 1769 2607 Verbo.

739 2643 868 2728 [b.]
930 2643 1046 2708 Ex
1097 2645 1388 2708 scientia
1435 2643 2202 2728 correspondentiarum
2248 2652 2319 2707 et
2366 2653 2879 2726 repraesenta-

611 2737 875 2801 tionum
914 2738 1120 2800 etiam
1157 2737 1300 2812 suit,

715 2869 872 2936 Quod
891 2871 1196 2920 sacerdotes
1214 2880 1266 2920 et
1284 2871 1475 2920 harioli
1499 2869 1949 2921 philisthaeorum
1968 2871 2238 2920 suaserint
2254 2879 2313 2920 ut
2330 2869 2567 2920 facerent
2584 2870 2879 2934 imagines

873 2937 1344 2986 haemorrhoidum
1369 2945 1424 2985 et
1447 2937 1679 2986 murium
1699 2937 1788 2999 qui
1812 2946 2093 2986 vastarunt
2115 2946 2327 2994 terram,
2348 2950 2417 2985 ex
2442 2951 2587 2993 aure.
2606 2945 2663 2985 et
2689 2951 2881 2999 pone-

875 3011 996 3052 rent
1013 3001 1132 3052 illas
1155 3002 1306 3064 juxta
1323 3015 1518 3059 arcam,
1537 3016 1697 3064 quam
1714 3000 2061 3058 remittebant
2078 3015 2241 3064 super
2257 3001 2495 3064 plaustro
2519 3015 2668 3050 novo
2690 3001 2881 3052 dudio

876 3082 909 3116 a
926 3067 1104 3116 vaccis
1125 3081 1138 3126 ;
1161 3075 1215 3117 et
1234 3067 1376 3131 quod
1399 3067 1472 3116 sic
1491 3067 1682 3116 darent
1704 3065 1821 3116 Deo
1843 3066 2057 3116 Israelis
2074 3067 2302 3129 gloriam
2320 3066 2369 3129 (1
2396 3063 2677 3125 samsflvi..
2694 3069 2847 3132 seq.)
2864 3084 2880 3126 ς

615 3199 922 3262 sciebant
959 3199 1138 3262 enim
1177 3208 1338 3262 tunc
1377 3195 1769 3261 sacerdotes
1814 3206 1885 3261 et
1930 3197 2167 3260 harioli
2204 3196 2492 3272 illorum,
2532 3197 2695 3279 quid
2750 3199 2883 3264 illa

614 3294 840 3356 omnia
858 3292 1462 3374 repraesentabant
1489 3312 1504 3370 ;
1538 3301 1610 3356 et
1636 3292 1819 3374 quod
1850 3292 2441 3355 haemorrhoidum
2466 3300 2537 3355 et
2562 3293 2879 3357 murium

613 3388 944 3469 imagines
979 3385 1436 3468 significarent
1481 3386 1649 3449 salsa
1694 3385 2039 3468 religionis
2076 3385 2363 3460 illorum,
2404 3405 2575 3468 quae
2620 3385 2877 3468 placa-

611 3492 846 3546 rentur
876 3500 995 3562 per
1027 3480 1176 3544 illas
1208 3477 1420 3544 factas
1452 3500 1543 3544 ex
1573 3499 1759 3556 aure,
1794 3489 1870 3544 ut
1901 3480 2101 3544 dona.
2192 3477 2609 3544 Doctrinalia
2641 3481 2877 3547 etiam

611 3595 731 3657 per
772 3577 1163 3658 “imagines
1185 3574 1214 3600 ”
1251 3573 1721 3657 significantur
1756 3575 1823 3638 in
1862 3574 2299 3658 sequentibus
2345 3575 2512 3640 locis
2534 3575 2879 3659 z—Apud

609 3669 1038 3746 Ezechielem,

713 3805 1061 3866 “Argentum
1090 3817 1276 3852 eorum
1312 3803 1366 3852 in
1398 3803 1601 3866 plateas
1631 3801 1930 3866 projicient,
1959 3812 2013 3853 et
2046 3817 2233 3852 aurum
2264 3817 2450 3853 eorum
2488 3802 2542 3853 in
2574 3803 2884 3857 abomina-

876 3869 1078 3918 tionem
1095 3871 1210 3928 erit,
1222 3907 1235 3919 .
1256 3883 1346 3918 ‚eo
1361 3870 1500 3933 quod
1513 3870 1675 3918 decus
1688 3880 1912 3919 ornatus
1924 3869 2005 3918 sui
2022 3869 2076 3917 in
2092 3869 2395 3932 superbiam
2408 3874 2881 3932 transposuerint,

873 3948 934 3982 ac
959 3935 1222 3996 imagines
1247 3935 1709 3987 abominationum
1729 3933 2147 3984 detestationum
2174 3949 2389 3984 suarum
2414 3935 2639 3984 iecerint
2662 3950 2737 3986 ex
2764 3953 2841 3987 eo
2866 3954 2880 3998 ;

873 3999 994 4048 ideo
1018 3999 1141 4048 dedi
1167 4000 1218 4048 id
1244 3999 1352 4050 illis
1377 4001 1430 4050 in
1455 3999 1918 4049 abominationem
1932 3997 1961 4019 ’⁹
1985 3999 2094 4060 (vii.
2123 3996 2251 4064 [19,]
2274 4001 2385 4062 20):

611 4139 835 4222 agitur
865 4138 954 4202 ibi
991 4138 1079 4201 de
1115 4138 1588 4204 devastatione
1619 4140 1949 4204 ecclesiae
1981 4159 2099 4222 per
2130 4138 2298 4203 falsa
2334 4149 2405 4204 et
2442 4139 2643 4216 mala,
2680 4161 2879 4224 quae

611 4231 1014 4314 intelligitur
1045 4233 1133 4295 ibi
1166 4251 1284 4313 per
1319 4239 1358 4264 ‘⁴
1380 4231 1743 4314 gladium,”
1771 4239 1811 4266 “
1830 4242 2095 4315 pestem
2112 4231 2143 4258 ”
2166 4244 2237 4297 et
2266 4239 2304 4266 “
2323 4233 2614 4298 famem”
2642 4233 2872 4318 (vers,

618 4326 747 4410 15),
788 4346 960 4409 quae
998 4337 1402 4390 consument
1441 4324 1630 4391 illos:
1688 4347 1805 4409 per
1846 4326 2325 4410 “argentum,”
2360 4329 2541 4411 quod
2587 4329 2655 4392 in
2702 4331 2878 4412 pla-

609 4431 758 4484 teas
784 4421 1154 4503 projicient,
1183 4431 1253 4484 et
1281 4441 1399 4503 per
1427 4427 1719 4485 “aurum
1735 4421 1766 4446 ”
1788 4422 1971 4503 quod
2002 4423 2069 4485 in
2096 4421 2673 4487 abominationem
2698 4427 2873 4500 erit,

609 4514 1029 4598 significatur
1059 4535 1288 4578 verum
1325 4515 1653 4580 ecclesiae
1690 4534 1769 4579 ac
1808 4515 2060 4580 bonum
2098 4515 2241 4597 ejus
2276 4537 2471 4581 versa
2507 4517 2576 4580 in
2609 4516 2875 4585 falsum

613 4619 682 4674 et
731 4611 796 4672 in
845 4609 1139 4690 malum3
1191 4611 1316 4673 “in
1355 4609 1620 4693 plateas
1656 4609 1978 4694 projicere
1996 4611 2025 4636 ”
2063 4610 2397 4694 significat
2434 4611 2868 4696 dispergere,
