3259 5384
626 650 797 715 2404
1246 644 1750 697 APOCALYPSIS
1795 645 2248 697 EXPLICATA.

624 819 739 901 qui
776 818 841 881 in
876 817 1059 882 vitae
1104 826 1179 882 et
1224 815 1573 881 doctrinae
1616 817 1816 882 bonis
1860 826 1934 881 et
1969 816 2126 881 inde
2164 818 2341 881 veris
2371 825 2551 894 sunt,
2591 818 2690 881 ita
2726 827 2868 882 tam

623 912 965 994 simplices
1002 931 1206 995 quam
1245 909 1449 987 docti,
1490 912 1870 995 ubicunque
1907 914 2066 987 sint,
2115 913 2258 975 sive
2295 912 2473 976 intra
2509 912 2866 977 ecclesiam

624 1009 763 1071 sive
802 1016 1005 1071 extra
1042 1007 1247 1071 illam.
1332 1005 1721 1070 Secundum
1743 1025 2028 1069 sensum
2060 998 2359 1082 litterae,
2393 1027 2510 1089 per
2535 1011 2866 1069 “omnem

624 1111 928 1183 gentem,
970 1101 1239 1177 tribum,
1275 1099 1575 1183 linguam
1614 1110 1685 1163 et
1723 1098 2049 1183 populum
2065 1099 2095 1124 ”
2120 1100 2593 1183 intelliguntur
2629 1118 2866 1163 omnes

625 1216 716 1257 ex
755 1214 1153 1277 quacunque
1190 1194 1517 1276 religione
1554 1205 1756 1272 sunt;
1803 1194 1924 1258 sed
1962 1196 2030 1257 in
2069 1214 2270 1257 sensu
2306 1194 2633 1276 spirituali
2665 1192 2864 1258 intel-

623 1289 922 1371 liguntur
959 1309 1196 1353 omnes
1233 1291 1344 1371 qui
1383 1289 1555 1353 bene
1595 1290 1854 1363 vivunt,
1895 1297 1966 1352 et
2003 1289 2178 1352 bene
2215 1288 2630 1370 intelligunt.

745 1386 940 1471 8¹73·
964 1404 1125 1464 [Vm.
1144 1404 1212 1464 7·]
1240 1388 1594 1451 “Dicentem
1612 1407 1757 1451 νοσο
1778 1388 2134 1470 moyn0.''—
2155 1387 2360 1469 Quod
2387 1386 2728 1469 significet
2751 1408 2862 1451 ex-

622 1480 1082 1556 hortationem,
1106 1490 1380 1545 constat
1406 1502 1495 1544 ex
1522 1479 2018 1562 significatione
2043 1486 2083 1513 ‘⁴
2101 1482 2286 1545 vocis
2309 1480 2663 1562 magnae,”
2685 1478 2868 1563 quod

624 1577 711 1640 sit
772 1576 1191 1649 exhortatio,
1248 1574 1403 1657 quia
1460 1575 1747 1639 involvit
1802 1576 2176 1657 sequentia,
2227 1575 2341 1638 ubi
2393 1574 2638 1637 dicitur
2685 1574 2866 1656 quod

628 1671 1007 1735 “timerent
1047 1669 1290 1746 Deum,
1326 1679 1399 1733 et
1438 1670 1680 1733 darent
1721 1669 1857 1751 Ipsi
1887 1668 2213 1751 gloriam:
2253 1674 2296 1751 “⁴
2312 1689 2451 1732 vox
2469 1668 2502 1693 ”
2531 1670 2599 1731 in
2633 1668 2884 1732 Verbo

624 1766 891 1849 saepius
930 1765 1191 1841 dicitur,
1233 1776 1377 1829 tum
1418 1770 1615 1828 “vox
1657 1784 1906 1847 magna
1931 1765 1983 1843 ;”
2019 1776 2091 1829 et
2128 1784 2280 1828 cum
2319 1786 2360 1827 a
2397 1765 2716 1839 Domino,
2752 1773 2866 1829 aut

626 1860 715 1923 ab
762 1860 1027 1942 angelis
1066 1860 1306 1944 Ipsius,
1347 1861 1413 1923 in
1452 1879 1706 1942 genere
1751 1857 2090 1941 significat
2129 1859 2445 1923 Divinum
2484 1858 2764 1935 Verum,
2798 1871 2866 1923 et

626 1974 828 2020 omne
875 1955 1057 2038 quod
1104 1954 1413 2037 procedit
1450 1975 1491 2017 a
1527 1955 1844 2029 Domino,
1889 1954 2170 2036 proinde
2215 1956 2422 2019 etiam
2468 1953 2864 2018 mandatum

626 2057 697 2111 et
735 2056 1205 2130 praeceptum,
1244 2047 1345 2109 ita
1377 2066 1652 2128 quoque
1689 2045 2277 2120 exhortationem,
2317 2056 2389 2109 et
2427 2047 2625 2129 plura
2661 2062 2746 2121 (de
2765 2062 2868 2120 qui-

626 2169 717 2202 ous
736 2156 954 2203 videatur
972 2168 1202 2215 sumam.
1226 2139 1369 2209 261.
1402 2154 1712 2219 302.424,
1734 2138 1879 2209 668.
1907 2139 2101 2219 682„
2147 2159 2308 2203 nam
2343 2159 2487 2202 vox
2523 2140 2615 2202 ab
2651 2158 2862 2220 ange-

626 2237 711 2299 lis
746 2256 884 2300 non
923 2246 1031 2300 est
1066 2257 1209 2300 vox
1246 2237 1334 2299 ab
1369 2235 1525 2311 illis,
1560 2235 1683 2299 sed
1721 2256 1842 2317 per
1872 2235 2032 2300 illos
2067 2256 2108 2299 a
2145 2236 2469 2299 Domino.

746 2331 943 2415 874.
1001 2330 1273 2393 “nmero
1303 2330 1514 2403 Deum,
1549 2335 1618 2392 et
1647 2329 1792 2391 dato
1834 2330 1960 2411 1ρεί
1986 2328 2607 2412 glot-iam.”—Quod
2652 2328 2864 2411 signi-

627 2425 785 2491 ficet
823 2437 897 2490 ut
938 2426 1155 2491 colant
1194 2426 1551 2489 Dominum
1594 2448 1681 2489 ex
1721 2425 1971 2489 Divino
2013 2426 2244 2508 Ipsius
2291 2425 2460 2490 Vero
2491 2436 2625 2507 per
2657 2427 2867 2489 vitam

626 2522 977 2585 secundum
1020 2520 1211 2597 illud,
1251 2530 1525 2585 constat
1570 2541 1663 2584 ex
1711 2520 2205 2602 significatione
2243 2522 2540 2585 “timere
2588 2518 2866 2595 Deum‚”

627 2613 811 2695 quod
848 2614 938 2677 sit
977 2614 1269 2677 revereri
1306 2622 1376 2677 et
1411 2612 1640 2677 colere
1673 2610 2048 2676 Dominum
2085 2630 2169 2689 (de
2190 2643 2288 2687 qua
2307 2611 2750 2695 supra,n.696);
2793 2622 2864 2676 et

627 2730 717 2772 ex
742 2708 1237 2791 significatione
1266 2716 1304 2742 “
1323 2710 1483 2774 dare
1518 2709 1654 2791 Ipsi
1686 2708 2034 2791 gloriam,”
2053 2710 2230 2792 quod
2263 2712 2350 2773 sit
2375 2710 2600 2773 vivere
2626 2730 2864 2773 secun-

626 2804 789 2866 dum
830 2804 1148 2868 Divinum
1182 2803 1463 2878 Verum,
1504 2804 1632 2867 hoc
1673 2812 1801 2878 est,
1835 2802 2208 2868 secundum
2247 2814 2615 2885 praecepta
2652 2802 2866 2885 Ipsius

625 2897 693 2961 in
720 2895 955 2961 Verbo
979 2920 993 2977 ;
1042 2917 1162 2980 per
1188 2904 1227 2931 ‘⁴
1248 2896 1596 2981 gloriam,”
1622 2898 1733 2960 ubi
1765 2897 1849 2961 de
1884 2895 2203 2973 Domino,
2231 2897 2649 2980 significatur
2678 2897 2864 2960 Divi-

627 3010 788 3054 num
835 2990 1093 3055 Verum
1140 2993 1516 3075 procedens
1561 2990 1876 3075 ab‘IpSQ
1924 2992 2021 3056 ita
2058 2989 2365 3055 Verbum
2403 2991 2604 3075 quale
2649 3002 2753 3055 est
2800 2994 2868 3054 in

627 3083 840 3162 caelo,
860 3105 1017 3149 nam
1046 3087 1111 3149 id
1139 3097 1244 3150 est
1278 3086 1397 3149 lux
1433 3086 1716 3168 angeliS,
1741 3105 1858 3166 per
1884 3104 2086 3168 quam
2113 3084 2447 3150 Dominus
2479 3087 2866 3150 manifestat

625 3199 815 3243 suam
849 3180 1175 3262 gloriam;
1223 3182 1344 3245 dat
1376 3182 1555 3245 enim
1594 3200 1716 3263 per
1744 3180 1931 3243 illam
1969 3181 2190 3244 lucem
2231 3180 2758 3262 intelligentiam
2797 3190 2868 3243 et

624 3274 1049 3355 sapientiam,
1090 3285 1160 3339 et
1199 3295 1464 3358 quoque
1501 3275 1681 3339 sistit
1719 3292 1948 3338 coram
1993 3274 2205 3338 oculis
2241 3273 2510 3338 illorum
2557 3273 2864 3356 magnifi-

624 3387 727 3443 ca,
762 3389 933 3451 quae
978 3390 1066 3431 ex
1117 3370 1615 3452 pretiosissimis
1660 3367 1963 3450 fulgent3
2011 3368 2140 3433 hoc
2186 3368 2254 3432 in
2300 3388 2504 3431 sensu
2550 3369 2868 3450 proximo

624 3462 1043 3544 significatur
1088 3482 1209 3545 per
1250 3463 1597 3545 “gloriam
1648 3462 1924 3526 Domini
1949 3462 2002 3541 ;”
2047 3472 2120 3525 at
2169 3464 2326 3546 quia
2385 3464 2613 3525 omnia
2669 3462 2784 3525 illa
2827 3482 2870 3526 a

626 3556 926 3622 Domino
964 3558 1211 3621 dantur
1248 3558 1617 3622 secundum
1653 3559 2114 3639 receptionem
2155 3556 2386 3620 Divini
2423 3556 2590 3621 Veri
2627 3576 2864 3638 proce-

624 3653 851 3716 dentis
889 3652 977 3717 ab
1015 3651 1195 3735 Ipso,
1223 3652 1582 3735 magnifica
1616 3652 1754 3727 illa,
1789 3672 1960 3735 quae
1993 3652 2168 3715 sicut
2197 3672 2288 3715 ex
2327 3671 2491 3717 auro
2521 3662 2593 3715 et
2628 3651 2864 3733 lapidi-

623 3747 750 3810 bus
775 3748 1087 3830 pretiosis
1108 3748 1173 3809 in
1201 3745 1490 3809 mirificis
1511 3745 1740 3809 formis
1764 3746 2050 3828 fulgent,
2079 3755 2412 3827 apparent
2437 3743 2572 3809 illis
2595 3765 2866 3826 prorsus

625 3842 1000 3905 secundum
1038 3842 1439 3923 sapientiam
1478 3841 1657 3922 apud
1696 3840 1869 3917 illos,
1909 3850 2069 3904 sunt
2106 3842 2286 3905 enim
2325 3840 2864 3921 corresponden-

578 4014 585 4021 ,
626 3936 807 4001 tiae:
870 3935 991 3999 sed
1037 3937 1193 4017 quia
1244 3935 1376 3997 illis
1434 3935 1768 4016 sapientia
1819 3944 1926 3998 est
1985 3934 2357 3999 secundum
2403 3934 2864 4015 receptionem

623 4028 851 4093 Divini
898 4029 1063 4093 Veri
1116 4042 1263 4093 non·
1308 4029 1515 4093 modo
1560 4025 1870 4091 doctrina
1917 4028 2038 4092 sed
2087 4030 2295 4093 etiam
2340 4028 2505 4104 vita,
2539 4028 2693 4091 ideo
2749 4046 2868 4109 per

627 4122 849 4187 “dare
886 4123 1023 4204 Ipsi
1060 4122 1347 4205 gloriam
1364 4123 1394 4148 '⁹
1426 4121 1841 4205 significatur
1871 4124 2098 4186 vivere
2133 4122 2505 4186 secundum
2545 4122 2864 4185 Divinum

622 4216 901 4281 Verum.
993 4217 1305 4283 Creditur
1357 4220 1421 4281 in
1482 4217 1740 4281 mundo
1793 4218 1974 4301 quod
2027 4218 2360 4301 sapientia
2417 4218 2526 4293 sit,
2581 4217 2864 4298 proinde

622 4311 911 4387 caelum,
960 4311 1091 4376 illis
1142 4315 1253 4396 qui
1306 4314 1527 4377 sciunt
1582 4312 1830 4377 Divina
1882 4312 2088 4389 Vera,
2145 4322 2216 4379 et
2269 4312 2383 4395 qui
2434 4333 2526 4375 ex
2581 4314 2866 4376 scientia

624 4406 991 4490 loquuntur
1035 4405 1170 4483 illa,
1219 4407 1494 4472 tametsi
1547 4426 1685 4471 non
1731 4407 2038 4471 viverent
2091 4406 2466 4471 secundum
2524 4405 2680 4484 illa;
2743 4406 2863 4469 sed

624 4502 993 4567 contestari
1033 4520 1307 4584 possum
1345 4501 1527 4585 quod
1565 4500 1696 4565 illis
1733 4499 1919 4565 nulla
1956 4502 2291 4583 sapientia
2318 4502 2446 4579 sit;
2494 4502 2561 4566 in
2593 4500 2862 4582 sapien-

622 4597 719 4662 tia
748 4596 1019 4680 quidem
1052 4606 1383 4679 apparent
1416 4616 1565 4660 esse
1596 4596 1868 4679 quando
1900 4596 2284 4679 loquuntur,
2311 4596 2432 4659 sed
2467 4606 2539 4659 ut
2573 4597 2857 4678 primum
