3259 5384
1032 690 1193 742 CAP.
1226 690 1401 755 xlv„
1434 690 1644 741 VERS.
1685 690 1940 758 13.—N.
1969 692 2120 761 φΞ.
2513 692 2682 759 2443

458 858 749 921 veritate
782 870 1087 941 agerent,
1122 878 1260 923 non
1296 858 1493 923 suerit
1524 879 1613 923 ex
1653 878 1726 923 se
1758 859 1877 923 sed
1915 880 2005 923 ex
2039 858 2358 935 Domin0,
2393 867 2462 923 et
2499 858 2682 941 quod

455 953 551 1015 sic
591 954 771 1015 bona
807 974 1013 1035 opera
1058 963 1289 1017 essent
1327 955 1555 1017 omnia
1588 962 2029 1035 quaecunque
2075 974 2164 1016 ex
2211 953 2365 1027 illis,
2405 953 2682 1015 tametsi

454 1046 629 1109 sicut
668 1067 755 1109 ex
804 1066 875 1109 se
912 1047 1258 1124 fecerunt3
1305 1056 1375 1111 et
1412 1047 1593 1129 quod
1630 1047 1789 1111 inde
1833 1047 2140 1129 sit'quod
2180 1056 2338 1129 post
2383 1055 2680 1108 mortem

456 1158 497 1201 a
543 1137 841 1204 Domino
899 1138 1115 1204 evecti
1163 1142 1299 1204 sint
1344 1142 1412 1203 in
1466 1142 1744 1205 tertium
1797 1139 2102 1204 caelum:
2149 1160 2240 1203 ex
2299 1140 2403 1203 his
2461 1140 2681 1221 patuit

454 1234 799 1314 quomodo
842 1235 986 1298 vita
1030 1235 1415 1317 spiritualis,
1455 1256 1628 1318 quae
1683 1244 1790 1299 est
1835 1235 1976 1298 vita
2027 1234 2426 1317 angelorum
2485 1232 2679 1309 caeli,

455 1338 905 1409 comparatur.
962 1328 1193 1405 ,Nunc
1240 1338 1466 1393 autem
1514 1329 1779 1392 dicetur
1821 1328 2167 1411 quomodo
2212 1326 2330 1391 illa
2373 1329 2518 1391 vita
2561 1348 2682 1410 per

454 1418 851 1485 hodiernam
888 1419 1092 1485 fidem
1130 1420 1479 1487 destructa
1525 1431 1652 1485 est.
1745 1422 2094 1486 Hodierna
2129 1420 2296 1484 fides
2334 1430 2463 1496 est,
2497 1421 2678 1504 quod

454 1515 867 1578 credendum
907 1516 995 1579 sit
1031 1516 1213 1597 quod
1254 1516 1439 1579 Deus
1480 1517 1680 1579 Pater
1717 1517 1972 1580 miserit
2021 1516 2266 1579 Filium
2313 1535 2528 1589 suum,
2567 1516 2679 1597 qui

455 1626 723 1671 crucem
761 1628 999 1691 passus
1033 1620 1137 1672 est
1170 1628 1295 1691 pro
1332 1610 1584 1673 nostris
1615 1611 1938 1691 peccatis,
1973 1629 2052 1673 ac
2084 1608 2454 1673 sustulerat
2485 1608 2678 1671 dam-

454 1702 805 1764 nationem
853 1702 1025 1785 legis
1070 1722 1189 1783 per
1232 1702 1702 1784 impletionem
1747 1702 1909 1783 ejuS,
1949 1712 2022 1767 et
2067 1703 2248 1785 quod
2294 1702 2463 1765 haec
2509 1701 2678 1766 fides

454 1795 709 1877 absque
754 1796 949 1858 bonis
995 1797 1309 1878 operibus
1354 1798 1870 1879 unumquemvis
1915 1796 2160 1872 salvet,
2207 1798 2417 1860 immo
2468 1797 2676 1860 etiam

450 1889 519 1951 in
556 1889 797 1953 ultima
835 1892 1071 1954 mortis
1104 1890 1291 1953 hora.
1382 1890 1507 1953 Per
1542 1890 1722 1953 hanc
1761 1890 1962 1954 fidem
2001 1892 2398 1973 impressam
2436 1910 2476 1951 a
2513 1909 2676 1971 pue·

449 1983 623 2059 ritia,
658 1993 729 2047 et
768 1984 924 2046 dein
963 1983 1435 2047 confirmatam
1473 2005 1562 2048 ex
1603 1983 2240 2066 praedicationibus,
2273 1981 2523 2047 factum
2569 1993 2676 2047 est

452 2086 523 2141 ut
582 2096 720 2140 non
785 2077 1023 2159 aliquis
1080 2078 1291 2159 fugiat
1353 2077 1533 2141 mala
1590 2098 1682 2141 ex
1733 2076 2082 2159 religione,
2130 2078 2251 2141 sed
2311 2076 2532 2139 solum
2585 2098 2675 2141 ex

450 2170 606 2253 lege
643 2170 819 2235 civili
858 2181 929 2235 et
976 2172 1252 2248 morali;
1309 2173 1407 2237 ita
1444 2191 1581 2235 non
1618 2174 1774 2255 quia
1812 2182 2098 2254 peccata
2135 2180 2317 2245 sunt,
2356 2172 2476 2235 sed
2521 2174 2676 2255 quia

446 2266 716 2330 damna.
808 2266 1170 2348 Expende,
1199 2268 1359 2329 dum
1396 2266 1606 2330 homo
1637 2268 1904 2349 cogitat
1940 2266 2122 2347 quod
2155 2266 2488 2329 Dominus
2519 2286 2674 2349 pas-

448 2380 560 2422 sus
596 2361 685 2424 sit
724 2380 845 2441 pro
884 2361 1137 2422 nostris
1182 2362 1505 2442 peccatis,
1539 2361 1721 2442 quod
1768 2360 2116 2424 sustulerit
2162 2360 2674 2424 damnationem

446 2453 641 2535 legiS,
691 2462 761 2517 et
808 2455 989 2536 quod
1044 2454 1319 2517 credere
1364 2453 1481 2517 illa
1524 2474 1644 2517 seu
1697 2453 1865 2517 fides
1913 2452 2181 2516 illorum
2227 2453 2376 2517 sola
2419 2455 2674 2537 absque

358 2571 369 2582 ·
445 2549 643 2611 bonis
686 2550 1001 2629 operibus
1049 2546 1293 2623 salvet,
1334 2567 1561 2611 annon
1608 2548 1987 2629 vilipendat
2032 2550 2260 2611 omnia
2305 2558 2674 2630 praecepta

448 2642 783 2723 decalogi,
812 2652 883 2705 et
916 2662 1191 2705 omnem
1218 2643 1428 2706 vitam
1455 2642 1802 2724 religionis
1833 2644 2293 2723 praescriptae
2324 2644 2390 2705 in
2413 2642 2670 2719 Verbo,

444 2745 514 2800 et
552 2746 906 2819 praeterea
952 2738 1183 2801 omnia
1219 2756 1379 2800 vera
1424 2756 1593 2817 quae
1641 2736 1894 2799 docent
1940 2736 2387 2814 charitatem3
2433 2757 2673 2820 separa

443 2831 675 2912 itaque
707 2830 897 2903 haec,
924 2842 997 2893 et
1022 2849 1296 2893 remove
1328 2830 1417 2893 ab
1446 2830 1744 2904 homine,
1771 2850 1858 2892 an
1892 2840 1998 2893 est
2030 2831 2209 2913 apud
2235 2830 2424 2893 illum
2449 2831 2673 2914 aliqua

444 2924 727 3005 religio?
774 2924 1013 3005 religio
1051 2926 1229 2987 enim
1270 2942 1407 2986 non
1446 2924 1762 2986 consistit
1807 2925 1875 2986 in
1921 2923 2140 2987 solum
2188 2926 2494 3007 cogitare
2539 2925 2669 2989 hoc

442 3028 561 3081 aut
598 3018 788 3092 illud,
829 3019 947 3080 sed
994 3019 1061 3080 in
1100 3015 1279 3080 velle
1316 3026 1387 3081 et
1432 3015 1654 3081 facere
1700 3017 1767 3080 id
1813 3017 1991 3099 quod
2039 3019 2326 3099 cogitat,
2365 3037 2445 3081 ac
2486 3019 2672 3082 nulla

443 3112 682 3193 religio
719 3122 825 3175 est
864 3130 1017 3173 cum
1052 3120 1403 3191 separatur
1433 3110 1613 3173 velle
1649 3119 1722 3173 et
1759 3110 1978 3175 facere
2015 3131 2056 3174 a
2094 3113 2418 3191 cogitare.
2502 3112 2670 3177 Inde

443 3206 745 3288 sequitur
789 3205 969 3287 quod
1017 3224 1136 3286 per
1180 3204 1579 3267 hodiernam
1632 3202 1836 3267 fidem
1873 3205 2016 3267 vita
2062 3204 2449 3285 spiritualiS,
2497 3226 2670 3287 quae

441 3309 547 3363 est
578 3301 721 3362 vita
758 3298 1156 3379 angelorum
1188 3298 1380 3371 caeli,
1416 3307 1487 3361 et
1524 3298 1672 3379 ipsa
1703 3298 1844 3361 vita
1883 3296 2288 3373 Christiana,
2323 3298 2671 3363 destructa

440 3395 551 3458 sit.
652 3394 991 3475 Expende
1038 3391 1338 3467 ulteriuS,
1387 3393 1565 3455 unde
1618 3402 1726 3455 est
1778 3392 1957 3475 quod
2012 3391 2251 3455 decem
2305 3404 2670 3475 praecepta

439 3487 755 3569 decalogi
784 3508 823 3551 e
862 3486 1103 3549 Monte
1141 3484 1325 3549 Sinai
1357 3506 1475 3569 per
1500 3496 1771 3549 tantum
1803 3485 2198 3549 miraculum
2235 3487 2670 3569 promulgata

439 3582 600 3655 sint,
640 3580 821 3663 quod
866 3579 1207 3661 insculpta
1252 3581 1387 3642 sint
1433 3579 1608 3641 binis
1651 3578 1902 3641 tabulis
1947 3598 2036 3641 ex
2085 3578 2330 3661 lapide,
2371 3590 2442 3643 et
2489 3581 2668 3663 quod

438 3674 570 3738 hae
606 3676 871 3757 positae
904 3674 1041 3736 sint
1079 3674 1146 3736 in
1180 3692 1357 3747 arca,
1388 3692 1587 3753 super
1620 3691 1826 3753 quam
1859 3674 2156 3753 positum
2187 3673 2308 3736 fuit
2342 3676 2666 3756 propitia·

439 3770 683 3833 torium
716 3788 868 3831 cum
901 3767 1229 3842 cherubiS,
1262 3775 1333 3829 et
1366 3766 1553 3829 locus
1578 3766 1712 3840 ille,
1749 3766 1858 3828 ubi
1889 3765 2006 3828 illa
2036 3777 2421 3848 praecepta,
2449 3768 2667 3833 dictus

438 3864 526 3925 sit
584 3859 893 3924 sanctum
953 3858 1360 3934 san&orum,
1420 3860 1597 3923 intra
1654 3877 1856 3941 quem
1921 3879 2057 3924 non
2118 3860 2301 3925 licuit
2361 3861 2668 3926 Aharoni

436 3958 687 4020 intrare
724 3956 848 4017 nisi
884 3953 1096 4017 semel
1133 3954 1515 4036 quotanniS,
1556 3964 1626 4017 et
1665 3954 1794 4017 hoc
1842 3972 1994 4017 cum
2032 3954 2368 4018 sacrificiis
2404 3967 2474 4019 et
2513 3975 2665 4020 cum

436 4048 704 4126 suffitu;
752 4058 823 4111 et
854 4050 909 4111 si
941 4048 1193 4129 absque
1224 4046 1354 4110 illis
1384 4048 1795 4121 intravisset,
1825 4056 2130 4110 mortuus
2161 4050 2664 4129 succubuisset;

436 4156 584 4209 tum
623 4142 803 4226 quod
851 4162 968 4223 per
1002 4160 1227 4205 arcam
1266 4141 1451 4203 illam
1491 4152 1597 4204 tot
1646 4141 1964 4205 miracula
2003 4152 2242 4223 postea
2287 4140 2464 4207 sacta
2508 4146 2664 4210 sint.

437 4238 695 4301 Annon
734 4256 969 4301 omnes
1014 4238 1081 4298 in
1120 4237 1433 4298 universo
1469 4235 1629 4298 orbe
1669 4246 1991 4299 terrarum
2031 4237 2270 4300 similia
2303 4251 2667 4320 praecepta

434 4330 701 4395 sciunt?
780 4328 1037 4393 Annon
1070 4329 1257 4410 leges
1288 4326 1555 4391 illorum
1580 4329 1810 4392 civiles
1836 4329 2072 4393 eadem
2099 4328 2404 4395 dictant?
2494 4330 2664 4413 Quis

435 4445 568 4489 non
607 4444 697 4488 ex
736 4423 883 4487 solo
930 4422 1217 4488 naturali
1255 4421 1505 4485 lumine
1536 4423 1686 4498 scit,
1719 4423 1900 4505 quod
1937 4434 2216 4504 propter
2250 4425 2557 4489 ordinem
2594 4428 2661 4489 in

434 4519 805 4601 unoquovis
858 4536 1093 4599 regno,
1151 4535 1286 4581 non
1346 4514 1865 4579 adulterandum
1926 4516 2036 4593 sit,
2092 4537 2228 4580 non
2286 4517 2658 4595 furandum,

432 4632 569 4677 non
615 4613 1080 4689 occidendum,
1122 4632 1259 4677 non
1295 4611 1463 4677 false
1508 4612 1924 4690 testandum,
1964 4623 2034 4678 et
2080 4612 2270 4695 plura
2309 4633 2479 4697 quae
2525 4614 2662 4679 ibi?
