3259 5384
1033 680 1193 732 car.
1226 680 1381 745 x11.,
1414 680 1621 733 viz-Rs.
1660 680 1916 733 ιιι-Ν.
1947 679 2093 750 745.
2496 636 2673 749 '2091'

410 848 535 933 qui
584 850 659 913 in
710 848 955 914 ultimo
998 870 1117 915 seu
1162 851 1383 933 primo
1416 848 1654 929 caelo;
1707 848 1926 914 influit
1970 850 2152 913 enim
2191 848 2525 913 Dominus
2562 868 2683 931 per

410 944 721 1009 tertium
780 944 1045 1008 caelum
1104 946 1173 1008 in
1234 944 1571 1021 ultimum,
1626 953 1700 1009 et
1758 964 1881 1027 per
1937 942 2268 1007 influxum
2328 942 2682 1025 conjungit

410 1038 713 1115 caelos;
777 1038 937 1103 inde
997 1049 1106 1104 est·
1166 1039 1349 1122 quod
1410 1040 1796 1103 universum
1857 1037 2122 1102 caelum
2184 1039 2250 1100 in
2312 1036 2683 1121 conspeetu

414 1132 721 1197 Domini
757 1136 847 1198 sit
884 1136 1060 1198 sicut
1097 1154 1269 1197 unus
1304 1132 1576 1197 Homo:
1625 1153 1833 1216 quare
1869 1151 2024 1197 cum
2061 1132 2303 1196 ultima
2339 1134 2684 1197 caelorum

411 1247 697 1291 nexum
735 1228 995 1293 habent
1032 1248 1185 1293 cum
1224 1228 1498 1305 talibuS,
1539 1228 1652 1312 qui
1688 1225 2031 1309 conjuneti
2067 1237 2227 1291 sunt
2264 1227 2546 1303 inferne,
2585 1229 2686 1292 ita

412 1340 585 1386 cum
621 1323 763 1387 illis
789 1326 903 1407 qui
933 1344 1053 1406 per
1087 1324 1512 1387 “draconem
1546 1330 1617 1386 et
1651 1321 1792 1405 ejus
1823 1323 2111 1405 angelos
2131 1321 2163 1350 ’⁹
2194 1322 2682 1404 significantur,

414 1424 599 1481 tunc
656 1418 731 1481 in
782 1418 1027 1482 eodem
1072 1419 1289 1501 gradu
1342 1419 1411 1480 in
1463 1438 1599 1500 quo
1644 1415 2033 1499 conjuntffio
2078 1414 2299 1480 ultimi
2352 1416 2524 1481 caeli
2577 1426 2686 1481 est

416 1530 587 1575 cum
653 1512 932 1587 talibuS,
994 1513 1389 1576 diminuitur
1446 1511 1569 1575 lux
1628 1519 1702 1575 et
1763 1510 2226 1592 intelligentia
2284 1510 2684 1592 angelorum

414 1606 627 1670 caeli.
728 1604 977 1669 Similis
1021 1618 1129 1671 res
1174 1616 1284 1670 est
1330 1608 1507 1669 sicut
1553 1625 1709 1669 cum
1755 1604 2014 1669 ultimis
2059 1606 2127 1669 in
2173 1604 2472 1681 homine,
2513 1625 2687 1689 quae

416 1710 595 1765 sunt
636 1711 1001 1765 extremae
1039 1712 1255 1777 cutes,
1296 1722 1471 1783 quae
1506 1720 1752 1783 corpus
1788 1702 1857 1764 in
1895 1702 2237 1764 communi
2275 1710 2346 1764 et
2385 1701 2453 1765 in
2492 1711 2688 1784 parte

414 1796 843 1871 investiunt,
883 1805 1029 1860 tum
1067 1795 1356 1860 musculi
1391 1796 1573 1860 intra
1617 1805 1814 1859 cutes
1859 1795 2033 1869 illas,
2075 1804 2146 1859 et
2194 1815 2462 1879 quoque
2499 1796 2689 1859 nervi

416 1892 491 1954 in
558 1890 855 1965 ultimis,
900 1910 992 1955 ex
1054 1892 1295 1973 quibus
1355 1889 1692 1972 ligaturae
1737 1898 1808 1954 et
1856 1890 2293 1954 membranae
2338 1908 2688 1972 expansae

418 2006 642 2067 super
698 1986 1061 2063 interiora3
1128 1984 1247 2049 illa
1299 1993 1614 2051 extrema
1669 1986 1725 2048 si
1781 1983 1968 2049 laesa
2026 1982 2146 2048 aut
2199 1984 2427 2067 aliquo
2480 1984 2690 2047 modo

414 2078 692 2144 infeffta
738 2090 921 2156 sunt,
968 2090 1087 2143 aut
1141 2082 1196 2143 si
1243 2080 1570 2143 tendinea
1613 2076 1793 2143 fasta
1837 2089 2019 2155 sunt,
2067 2080 2136 2143 in
2181 2080 2426 2143 eodem
2473 2080 2689 2161 gradu

418 2176 616 2257 perit
654 2174 803 2238 vita
840 2175 1091 2256 agendi
1121 2174 1597 2256 sentiendique
1628 2174 2081 2245 interioribus,
2116 2194 2290 2256 quae
2328 2174 2416 2237 ab
2451 2182 2689 2237 extre-

420 2270 561 2333 mis
611 2268 755 2333 illis
799 2270 1125 2332 investita
1166 2278 1239 2333 et
1284 2267 1548 2332 inclusa
1584 2278 1784 2346 sunt;
1839 2270 2000 2331 inde
2044 2278 2240 2351 patet
2278 2268 2460 2351 quod
2506 2267 2688 2331 salus

420 2365 749 2447 corporis
787 2364 1087 2446 pendeat
1134 2384 1175 2426 a
1220 2372 1411 2427 statu
1448 2373 1939 2439 extremorum,
1981 2362 2156 2426 sicut
2194 2363 2438 2426 domus
2475 2383 2515 2427 a
2553 2363 2690 2426 suis

418 2458 927 2523 fundamentis.
1020 2458 1174 2522 Hoc
1208 2458 1534 2541 imprimis
1560 2468 1915 2540 comparet
1942 2454 2122 2539 apud
2156 2454 2467 2523 homines
2499 2459 2691 2522 senio

420 2551 795 2620 confe&os
824 2574 841 2630 ;
887 2554 1067 2637 apud
1092 2573 1262 2636 quos
1286 2561 1604 2616 extrema
1628 2554 1920 2635 primum
1945 2553 2407 2627 indurescunt,
2435 2564 2506 2617 et
2535 2554 2692 2619 inde

422 2648 779 2713 facultate
823 2648 1072 2729 agendi
1119 2646 1594 2729 sentiendique
1641 2647 2104 2729 deprivantur,
2144 2658 2218 2711 et
2265 2648 2692 2730 pedetentim

424 2743 796 2817 interiora,
830 2742 1008 2806 unde
1046 2762 1229 2805 mors
1262 2761 1515 2805 eorum.
1609 2741 1738 2804 Par
1774 2742 1954 2805 ratio
1987 2752 2094 2805 est
2129 2757 2280 2805 cum
2316 2741 2544 2817 caeliS,
2581 2742 2690 2825 qui

426 2839 621 2902 sicut
671 2856 843 2899 unus
883 2836 1118 2900 Homo
1158 2838 1227 2900 in
1270 2833 1642 2917 conspeEtu
1683 2836 1960 2899 Domini
1997 2846 2179 2911 sunt,
2219 2834 2496 2919 quando
2534 2856 2693 2920 pos·

426 2943 671 2997 trema
718 2933 909 3014 quasi
946 2931 1411 3006 occalescunt,
1450 2930 1633 3013 quod
1669 2929 1755 2994 -fit
1795 2949 1948 2993 cum
1989 2930 2108 2994 illa
2145 2928 2692 3012 conjunRionem

426 3046 601 3091 cum
642 3026 919 3090 infernis
957 3028 1239 3091 habent.
1332 3026 1441 3089 Ita
1484 3026 1608 3089 fuit
1653 3044 1810 3090 cum
1851 3025 2060 3089 caelis
2097 3028 2418 3109 quamdiu
2457 3028 2695 3091 draco-

426 3140 563 3185 nes
601 3122 701 3185 ibi
738 3122 862 3184 visi
899 3132 1099 3199 sunt;
1148 3141 1307 3185 nam
1346 3122 1699 3194 dracones,
1741 3129 1815 3184 ut
1854 3123 2037 3201 prius
2069 3118 2324 3185 dietum
2363 3132 2493 3198 est,
2529 3140 2695 3185 con-

420 3213 865 3298 jun-§tionem
897 3216 1279 3280 habuerunt
1305 3235 1459 3280 cum
1486 3216 1744 3279 ultimis
1775 3215 1946 3279 caeli
1980 3216 2205 3299 quoad
2231 3226 2546 3290 externa,
2574 3216 2694 3280 sed

426 3332 598 3377 cum
637 3311 914 3375 infernis
951 3313 1175 3395 quoad
1221 3312 1492 3375 interna
1529 3329 1802 3374 eorum:
1858 3310 2018 3374 inde
2063 3320 2172 3374 est
2218 3311 2400 3393 quod
2439 3308 2695 3373 dietum

427 3410 529 3471 sit
569 3406 762 3489 quod
804 3407 1069 3470 “draco
1103 3407 1285 3469 visus
1324 3406 1412 3468 sit
1450 3407 1517 3468 in
1555 3403 1810 3479 caelo‚''
1843 3414 1914 3467 et
1947 3404 2130 3488 quod
2167 3408 2458 3487 “pugna
2494 3404 2696 3469 fuerit

427 3520 599 3565 cum
631 3499 757 3563 illo
786 3510 858 3564 et
888 3518 1042 3563 cum
1077 3498 1417 3563 Michaele
1450 3500 1516 3562 in
1548 3498 1804 3571 caelo,'‘
1835 3508 1908 3563 et
1940 3500 2232 3581 denique
2265 3498 2448 3581 quod
2479 3503 2695 3581 “pro-

424 3592 665 3678 jestus
695 3595 785 3657 sit
816 3614 855 3658 e
886 3593 1141 3669 caelo,”
1166 3614 1285 3676 per
1316 3594 1497 3677 quod
1530 3592 1952 3675 significatur
1982 3593 2164 3675 quod
2193 3601 2550 3674 separatus
2583 3595 2695 3656 sit.

432 3690 621 3754 Inde
644 3706 825 3752 nunc
851 3698 958 3751 est
984 3689 1165 3772 quod
1198 3706 1321 3772 per
1346 3692 1387 3721 ‘⁸
1405 3706 1646 3751 vocem
1673 3704 1996 3769 magnam
2021 3686 2328 3751 auditam
2361 3688 2428 3749 in
2454 3685 2698 3751 caelo”

430 3782 869 3867 significetur
904 3782 1303 3847 testificatio
1336 3782 1568 3865 gaudii
1600 3799 1691 3845 ex
1725 3782 1930 3845 corde
1963 3780 2142 3863 apud
2176 3782 2464 3862 angelos
2502 3782 2696 3845 caeli.

434 3878 657 3963 Quod
690 3878 1011 3959 gaudium
1049 3877 1247 3941 suerit
1283 3876 1419 3940 illis
1456 3896 1547 3940 ex
1587 3876 1742 3939 luce·
1769 3884 1840 3940 et
1879 3877 2217 3958 sapientia
2249 3886 2437 3951 tunc,
2471 3878 2699 3959 sequi-

432 3983 557 4037 tur
582 3992 677 4036 ex
709 3970 843 4036 illis
868 3992 1041 4055 quae
1066 3970 1485 4055 praecedunt
1511 3992 1527 4049 ;
1566 3990 1839 4054 nempe,
1866 3971 2042 4034 sicut
2074 3970 2286 4033 homo
2315 3972 2384 4033 in
2410 3990 2531 4033 sua
2555 3971 2702 4034 vita

433 4066 675 4133 aeciva
705 4077 777 4130 et
816 4068 1143 4130 sensitiva
1175 4066 1262 4128 ab
1293 4065 1728 4130 interioribus
1761 4074 1891 4140 est,
1926 4066 2088 4129 dum
2121 4075 2438 4129 extrema
2476 4066 2543 4128 in
2578 4084 2700 4129 sua

432 4162 853 4243 integritate
890 4170 1072 4235 sunt,
1108 4161 1205 4223 ita
1236 4180 1502 4243 quoque
1530 4154 1702 4223 caeli
1734 4160 2081 4223 inferiores
2111 4170 2185 4223 et
2217 4161 2596 4243 superiores
2629 4159 2698 4222 in

434 4276 569 4321 sua
606 4255 1069 4337 intelligentia
1107 4265 1180 4319 et
1226 4254 1585 4337 sapientia,
1625 4264 1698 4318 et
1736 4255 1896 4318 inde
1941 4256 2009 4318 in
2047 4256 2300 4337 gaudio
2337 4255 2438 4317 sui
2475 4253 2700 4317 cordis

436 4360 653 4428 sunt;
689 4370 896 4433 quare
933 4351 1143 4414 etiam
1182 4369 1302 4433 per
1339 4350 1582 4413 eadem
1618 4349 1831 4413 verba
1865 4348 2275 4431 intelligitur
2306 4349 2490 4432 quod
2528 4367 2698 4431 gau-

436 4444 635 4509 dium
674 4443 939 4526 angelis
975 4442 1173 4507 fuerit
1210 4463 1300 4507 ex
1341 4443 1493 4507 luce
1527 4452 1599 4507 et
1639 4444 1978 4526 sapientia
2013 4444 2398 4525 tunc'apud
2436 4442 2614 4507 illos.

567 4558 768 4631 745.
809 4546 1022 4609 ’,ϋηο
1052 4546 1228 4608 faeta
1257 4550 1361 4608 ost
1383 4546 1559 4608 salus
1579 4550 1649 4607 ot
1663 4544 1940 4626 potentia
1969 4548 2038 4606 οὶ
2059 4560 2316 4625 mgnum
2343 4540 2460 4605 Dei
2481 4540 2700 4613 nostri,

440 4644 516 4705 oe
530 4642 821 4720 mma
841 4636 1071 4702 Chr-im·
1083 4634 1633 4720 Ipsius.''-Quod
1652 4633 1994 4717 significet
2016 4632 2198 4715 quod
2211 4650 2382 4696 nunc
2390 4631 2702 4713 potentia
