3259 5384
656 673 827 736 2104
1284 669 1784 722 APOCALYPSIS
1829 668 2278 721 Exrman.

653 843 1053 906 intentionis
1098 843 1277 916 inde,
1326 841 1508 925 quod
1552 851 1662 908 est
1711 841 2012 919 “dicere,
2062 839 2337 921 Raka;”
2392 849 2464 906 et
2509 840 2750 908 tertius
2795 849 2908 906 est

653 955 900 1018 pravae
926 937 1320 1011 voluntatiS,
1351 936 1533 1019 quod
1566 945 1671 1000 est
1707 936 2013 1012 “dicere,
2049 935 2275 1001 Stulte
2301 935 2354 1014 ;”
2377 955 2618 1000 omnes
2649 936 2716 998 hi
2747 956 2908 1018 gra-

654 1031 780 1092 dus
818 1041 975 1093 sunt
1014 1031 1267 1112 gradus
1306 1031 1442 1094 odii
1487 1040 1730 1094 contra
1766 1031 2023 1093 bonum
2061 1031 2436 1105 charitatis,
2478 1025 2636 1093 nam
2673 1029 2909 1093 odium

653 1134 761 1189 est
811 1125 994 1188 bono
1038 1125 1390 1188 charitatis
1436 1125 1868 1206 oppositumt
1925 1135 2020 1198 et,
2052 1133 2191 1188 tres
2237 1125 2489 1206 gradus
2535 1123 2910 1207 punitionis

652 1219 1117 1300 significantur
1163 1238 1283 1299 per
1318 1218 1753 1300 “judicium,''
1793 1218 2301 1299 “synedrium,”
2339 1228 2418 1282 et
2453 1219 2910 1300 “gehennam

600 1353 613 1367 ·
651 1313 828 1394 ignis
857 1312 908 1390 ;”
962 1315 1347 1394 punitiones
1411 1333 1534 1394 pro
1594 1313 1790 1376 malis
1843 1311 2206 1376 levioribus
2258 1309 2729 1393 significantur
2784 1331 2912 1393 per

656 1406 1086 1488 “judiciumss’
1130 1409 1517 1488 punitiones
1570 1427 1694 1488 pro
1747 1406 1943 1470 malis
1995 1405 2414 1488 gravioribus
2469 1423 2589 1486 per
2635 1410 2911 1486 “syne-

651 1501 927 1577 drium,”
958 1511 1031 1565 et
1062 1503 1451 1582 punitiones
1480 1520 1605 1583 pro
1635 1499 2276 1582 malisgravissimis
2306 1519 2428 1582 per
2454 1505 2494 1532 ‘⁴
2511 1499 2908 1582 gehennam

651 1595 883 1676 ignis,’'
970 1593 1310 1676 Quoniam
1350 1597 1733 1659 universum
1771 1594 2035 1658 caelum
2073 1604 2180 1658 est
2217 1595 2284 1658 in
2321 1594 2508 1657 bono
2546 1594 2912 1658 charitatis

650 1709 817 1770 erga
860 1692 1267 1770 proximum,
1316 1699 1389 1753 et
1438 1691 1822 1753 universum
1868 1688 2198 1752 infernum
2242 1697 2352 1752 est
2411 1688 2478 1750 in
2531 1688 2907 1762 iracundia,

650 1777 998 1847 inimicitia
1054 1793 1125 1846 et
1186 1783 1349 1846 odio
1402 1793 1646 1847 contra
1699 1783 2110 1865 proxi-mum,
2169 1793 2240 1846 et
2298 1781 2456 1846 inde
2511 1781 2680 1846 haec
2745 1792 2912 1846 sunt

651 1877 967 1958 opposita
1018 1876 1114 1940 illi
1173 1877 1395 1953 bon03
1450 1886 1523 1942 et
1577 1877 1734 1959 quia
1781 1875 2004 1941 cultus
2053 1877 2327 1940 Domini
2371 1887 2478 1939 est
2525 1875 2754 1940 cultus
2817 1897 2910 1940 ex

652 1971 866 2046 cae10,
902 1972 1057 2054 quia
1094 1981 1201 2034 est
1238 1972 1567 2047 internuS,
1602 1991 1682 2035 ac
1721 1970 1946 2034 nullus
1981 1970 2206 2034 cultus
2237 1971 2292 2033 si
2328 1967 2470 2051 ejus
2501 1969 2758 2053 aliquid
2799 1979 2912 2033 est

651 2085 743 2128 ex
776 2065 1057 2140 infernO,
1092 2077 1163 2130 et
1194 2075 1427 2130 tamen
1464 2087 1553 2130 ex
1592 2064 1851 2128 inferno
1881 2075 1988 2128 est
2024 2064 2248 2127 cultus
2279 2057 2610 2127 ekternus
2641 2063 2910 2146 absque

653 2160 945 2233 interno,
972 2160 1129 2223 ideo
1160 2161 1425 2236 dicitur,
1452 2165 1493 2192 “
1516 2158 1586 2224 Si
1618 2159 1950 2224 obtuleris
1981 2177 2222 2222 munus
2245 2168 2436 2222 tuum
2461 2177 2662 2239 super
2681 2157 2911 2232 altari,

653 2263 725 2317 et
764 2255 942 2336 apud
988 2255 1116 2318 hoc
1156 2254 1557 2318 recordatus
1592 2254 1792 2317 fueris
1827 2253 2012 2336 quod
2055 2253 2264 2319 frater
2301 2261 2456 2316 tuus
2484 2251 2747 2315 habeat
2787 2253 2916 2316 ali-

656 2349 815 2431 quid
848 2358 1091 2412 contra
1120 2359 1213 2420 te,
1234 2348 1365 2424 abi,
1390 2350 1571 2430 prius
1600 2347 2042 2411 reconciliare
2071 2347 2280 2422 fratri,
2315 2357 2388 2411 et
2424 2355 2587 2410 tunc
2618 2348 2914 2410 veniens

654 2441 837 2506 offer·
864 2460 1105 2505 munus
1152 2461 1351 2524 super
1386 2443 1601 2505 altare
1626 2440 1678 2520 ;”
1731 2460 1854 2523 per
1892 2446 2192 2506 “munus
2235 2457 2438 2522 super
2478 2440 2680 2504 altari
2696 2440 2730 2464 ”
2769 2441 2916 2522 sig-

657 2534 967 2600 nificatur
991 2535 1213 2600 cultus
1242 2535 1515 2600 Domini
1538 2557 1629 2598 ex
1656 2554 1886 2599 amore
1911 2545 1982 2600 et
2009 2534 2363 2608 charitate,
2387 2553 2506 2616 per
2527 2539 2568 2568 ‘⁸
2585 2533 2916 2598 fratrem”

656 2629 1060 2712 intelligitur
1092 2631 1463 2712 proximus,
1493 2641 1563 2693 et
1594 2627 1940 2694 abstradSte
1965 2628 2385 2710 significatur
2407 2628 2662 2691 bonum
2687 2628 2918 2692 chari-

656 2727 843 2798 tatis,
865 2745 984 2808 per
1006 2731 1045 2760 ‘⁴
1064 2725 1313 2788 habere
1334 2735 1574 2788 contra
1597 2733 1670 2788 te
1684 2722 2150 2806 ”significatur
2171 2723 2535 2798 iracundia,
2560 2724 2921 2788 inimicitia

658 2841 776 2884 seu
841 2821 1094 2894 odium,
1164 2831 1237 2883 et
1302 2838 1423 2900 per
1488 2819 1964 2883 “reconciliari
1979 2817 2012 2844 '⁹
2076 2815 2495 2900 significatur
2557 2818 2920 2900 dissipatio

660 2933 917 2990 eorum,
967 2926 1037 2978 et
1090 2914 1249 2977 inde
1296 2933 1585 2995 sequens
1630 2910 2021 2994 conjunctio
2068 2932 2186 2993 per
2230 2931 2552 2976 amorem.
2645 2911 2764 2974 Ex
2815 2911 2920 2976 his

660 3019 973 3073 constare
1012 3017 1243 3090 potest
1280 3008 1463 3091 quod
1502 3027 1621 3089 per
1662 3007 1992 3071 “fratrem
2007 3005 2037 3030 ”
2073 3027 2115 3069 a
2152 3005 2448 3070 Domino
2481 3006 2919 3088 intelligatur

660 3103 877 3167 simile
914 3103 1098 3187 quod
1137 3123 1255 3185 per
1294 3103 1740 3184 “proximum
1764 3100 1818 3177 ;”
1861 3110 1934 3166 et
1970 3119 2092 3182 per
2129 3101 2578 3181 “proximum
2593 3097 2626 3124 ‘⁹
2661 3101 2732 3163 in
2774 3103 2914 3183 spi-

660 3197 885 3261 rituali
942 3217 1146 3261 sensu
1204 3195 1625 3279 significatur
1679 3195 1932 3258 bonum
1991 3197 2058 3258 in
2117 3195 2304 3258 omni
2361 3193 2778 3274 complexu3
2849 3205 2920 3259 et

662 3293 915 3356 bonum
968 3293 1035 3355 in
1084 3292 1269 3356 omni
1322 3289 1692 3371 complexu
1745 3298 1852 3352 est
1906 3288 2163 3352 bonum
2217 3288 2588 3352 charitatis.
2679 3286 2924 3353 Simile

662 3407 783 3469 per
810 3385 1185 3450 “fratrem’'
1210 3386 1273 3448 in
1301 3383 1541 3448 Veteri
1565 3383 2020 3447 Testamento
2051 3383 2118 3445 in
2145 3382 2378 3446 multis
2410 3381 2578 3445 locis
2609 3382 2676 3446 in
2709 3401 2922 3446 sensu

664 3481 991 3563 spirituali
1028 3478 1433 3561 intelligitur
1456 3477 1666 3543 z—Ut
1703 3476 1883 3558 apud
1915 3475 2173 3552 Mosen,

884 3627 912 3648 ‘⁸
928 3623 1050 3674 Non
1078 3625 1202 3673 odio
1226 3623 1450 3673 habebis
1475 3621 1694 3672 fratrem
1721 3631 1871 3671 tuum
1895 3621 2055 3671 corde
2079 3630 2173 3670 tuo
2188 3618 2217 3640 ⁰⁹
2239 3617 2424 3683 (Levit.
2449 3619 2554 3670 xix.
2583 3618 2696 3680 17);

666 3757 845 3840 apud
884 3755 1233 3830 Davidem,

766 3875 795 3894 “
815 3869 948 3920 Ecce
968 3885 1127 3934 quam
1148 3872 1349 3918 bonum
1370 3876 1425 3918 et
1444 3881 1605 3932 quam
1622 3865 1916 3931 jucundum
1935 3865 2179 3917 habitare
2197 3865 2390 3916 fratres
2403 3879 2514 3916 una
2527 3863 2681 3929 ··(1³s.
2701 3865 2922 3919 cxxxiii.

936 3936 995 3998 1).

669 4045 749 4129 In
786 4064 915 4129 hoc
955 4085 1153 4128 sensu
1192 4063 1399 4127 etiam

848 4177 1051 4227 Lothus
1076 4177 1404 4226 habitatores
1430 4174 1699 4226 Sodomae
1722 4173 2014 4238 appellavit
2037 4173 2317 4224 “fratres'’
2340 4172 2490 4238 (Gen.
2521 4173 2628 4224 xix.
2655 4172 2739 4235 7):

670 4322 741 4376 et
778 4330 1047 4394 quoque
1091 4308 1495 4391 intelligitur

804 4425 909 4475 Per
932 4425 1164 4474 “foedus
1188 4423 1411 4472 fratrum
1428 4421 1457 4442 '⁸
1482 4423 1622 4472 inter
1645 4422 1784 4472 filios
1810 4421 2028 4472 Israelis
2051 4431 2106 4472 et
2132 4419 2398 4472 Edomum
2421 4419 2604 4482 (Amos
2626 4421 2659 4471 i.
2685 4425 2774 4485 9);

801 4490 882 4539 Ac
908 4504 1002 4552 per
1028 4489 1457 4540 “fraternitatem
1488 4490 1627 4538 inter
1649 4487 1914 4553 Jehudam
1939 4496 1994 4538 et
2021 4487 2276 4538 Israelem
2294 4485 2322 4506 '⁶
2346 4487 2518 4548 (Such.
2545 4483 2816 4548 xi.[¹l14):

671 4637 829 4688 nam
868 4643 985 4705 per
1028 4619 1253 4684 “filios
1301 4619 1570 4684 Israelis
1616 4640 1696 4685 ac
1736 4619 2137 4696 Edomum,”
2173 4628 2318 4684 tum
2365 4638 2488 4701 per
2525 4617 2925 4702 “Jehudam
