3259 5384
991 674 1151 725 cAP.
1185 674 1341 736 κη,
1375 673 1585 725 vens.
1619 672 1841 742 7.-Ν,
1875 672 2020 741 735.
2456 656 2618 722 2061

369 850 443 906 et
482 863 767 925 quoque
798 842 983 925 quod
1013 844 1155 907 vita
1188 843 1437 907 amoris
1472 843 1541 906 in
1575 841 1942 907 Dominum
1981 851 2050 904 et
2084 839 2434 903 charitatis
2465 858 2632 921 erga

370 940 778 1019 proximum
816 938 1109 1002 vivenda
1145 939 1254 1013 sit,
1294 948 1369 1001 ut
1406 938 1605 1001 alicui
1643 938 1730 1001 sit
1775 936 1956 1001 salus
1993 956 2033 999 a
2071 935 2408 1012 Domin03
2465 954 2630 998 con·-

370 1044 757 1115 sequenter
793 1032 861 1095 id
897 1030 1257 1096 functionis
1290 1041 1364 1096 ut
1402 1042 1746 1114 pugnetur
1789 1042 2032 1095 contra
2075 1029 2229 1093 illos
2274 1030 2386 1111 qui
2431 1048 2626 1110 sepa·

370 1137 537 1190 rant
582 1126 909 1190 Divinum
954 1127 1043 1191 ab
1090 1126 1413 1191 Humano
1451 1126 1746 1199 Domini,
1788 1135 1859 1189 et
1905 1126 2016 1207 qui
2062 1123 2265 1188 fidem
2310 1131 2630 1204 separant

369 1240 412 1283 a
450 1222 605 1285 vita
641 1220 891 1284 amoris
922 1229 992 1284 et
1026 1220 1395 1294 charitatis,
1431 1221 1641 1282 immo
1677 1220 1788 1301 qui
1820 1220 2224 1283 charitatem
2261 1237 2375 1280 ore
2407 1214 2630 1279 ferunt

371 1324 447 1377 et
497 1335 649 1378 non
696 1316 854 1377 vita.
947 1314 1304 1377 Praeterea
1349 1334 1467 1395 per
1506 1313 1854 1395 “angelos
1871 1313 1900 1338 ’⁹
1937 1314 2004 1389 in
2043 1311 2278 1375 Verbo
2323 1312 2391 1374 in
2437 1310 2630 1392 spiri-

373 1409 553 1473 tuali
610 1430 817 1473 sensu
878 1428 1015 1471 non
1068 1408 1540 1489 intelliguntur
1592 1407 1841 1489 angeli,
1898 1407 2016 1471 sed
2073 1407 2320 1469 Divina
2369 1424 2532 1469 vera
2589 1424 2631 1466 a

379 1501 702 1566 Domino
738 1517 979 1577 (vidntur
996 1530 1228 1577 supi-am.
1258 1516 1394 1580 130.
1419 1516 1589 1580 302),
1628 1522 1720 1564 ex
1764 1521 1969 1564 causa
2009 1500 2170 1582 quia
2209 1496 2444 1579 angeli
2489 1515 2630 1559 non

372 1604 541 1657 sunt
582 1592 816 1673 angeli
856 1614 945 1655 ex
992 1614 1115 1655 suo
1154 1593 1443 1673 propriO,
1484 1593 1604 1656 sed
1645 1614 1734 1655 ex
1772 1593 2163 1674 receptione
2203 1589 2429 1653 Divini
2465 1588 2632 1652 Veri

374 1709 415 1751 a
454 1687 807 1765 Domino;
866 1686 1173 1751 similiter
1208 1686 1620 1768 archangeli,
1661 1688 1774 1770 qui
1810 1687 1975 1749 illud
2013 1686 2334 1749 Divinum
2373 1682 2631 1747 Verum

374 1781 777 1863 significant
809 1782 989 1864 quod
1024 1801 1223 1863 supra
1254 1777 1508 1844 dictum
1540 1791 1668 1844 est.
1757 1780 1988 1843 Etiam
2021 1777 2282 1860 angelis
2319 1778 2388 1841 in
2427 1775 2632 1841 caelis

378 1896 521 1939 non
574 1886 739 1939 sunt
786 1876 1062 1938 nomina
1108 1875 1279 1937 sicut
1326 1874 1712 1938 hominibus
1757 1876 1824 1937 in
1871 1874 2085 1948 terris,
2126 1872 2248 1937 sed
2293 1881 2453 1935 sunt
2498 1870 2632 1933 illis

378 1971 671 2034 nomina
735 1967 1151 2032 functionum
1215 1967 1503 2044 illorum,
1566 1979 1638 2033 et
1706 1970 1773 2031 in
1844 1989 2093 2049 genere
2159 1968 2360 2029 datur
2423 1965 2633 2029 cuivis

378 2084 647 2128 nomen
691 2085 781 2128 ex
828 2063 1007 2146 quali
1054 2063 1236 2143 ejus;
1299 2062 1455 2127 inde
1501 2074 1607 2127 est
1653 2064 1834 2146 quod
1887 2060 2238 2125 “nomen”
2283 2062 2352 2123 in
2396 2058 2634 2122 Verbo

366 2158 729 2249 ‚significet
765 2158 963 2240 quale
1000 2158 1093 2220 rei
1130 2166 1202 2221 et
1240 2166 1478 2221 status,
1570 2156 1838 2221 Nomen
1877 2154 2287 2230 “Michael,’'
2325 2175 2416 2218 ex
2455 2152 2632 2216 deri-

378 2254 669 2317 vatione
690 2252 831 2333 ejus
856 2253 922 2314 in
944 2250 1173 2333 lingua
1194 2250 1532 2326 Hebraea,
1556 2251 1915 2333 significat,
1942 2248 2154 2331 “Quis
2173 2251 2345 2331 sicut
2367 2248 2552 2311 Deus
2573 2246 2634 2309 ?''

382 2346 625 2429 Quare
664 2367 781 2428 per
817 2345 1325 2409 “Michaelem'’
1358 2344 1774 2427 significatur
1812 2345 2142 2409 Dominus
2179 2342 2404 2427 quoad
2442 2342 2632 2405 Divi·

382 2460 551 2504 num
610 2439 778 2504 illud
834 2440 1089 2503 Verum
1144 2440 1324 2523 quod
1381 2440 1714 2503 Dominus
1767 2442 1853 2502 sit
1912 2439 2096 2502 Deus
2148 2439 2356 2503 etiam
2407 2436 2632 2520 quoad

387 2536 815 2610 Humanum,
855 2544 925 2599 et
964 2534 1145 2618 quod
1182 2535 1546 2599 vivendum
1578 2535 1667 2598 sit
1705 2535 1792 2598 ab
1831 2534 2010 2617 Ipse,
2051 2535 2148 2597 ita
2192 2533 2258 2595 in
2296 2551 2526 2595 amore
2563 2532 2630 2593 in

386 2630 629 2712 Ipsum
674 2629 763 2692 ab
809 2629 988 2709 Ipso,
1028 2640 1098 2693 et
1144 2629 1213 2691 in
1257 2649 1486 2697 amore
1532 2649 1697 2710 erga
1735 2629 2137 2709 proximum.
2227 2626 2635 2690 Nominatur

385 2726 603 2787 etiam
660 2722 953 2786 Michael
1005 2724 1183 2803 apud
1236 2723 1579 2787 Danielem
1637 2721 1812 2805 (cap.
1867 2744 1934 2786 x.
1997 2738 2091 2801 13,
2141 2737 2261 2800 213
2323 2740 2470 2801 cap.
2515 2720 2632 2783 xii.

394 2818 457 2901 1)
486 2840 504 2897 3
553 2828 630 2881 et
662 2838 781 2899 per
811 2817 1001 2881 illum
1033 2818 1124 2880 ibi
1154 2817 1572 2899 significatur
1601 2818 1968 2899 genuinum
1993 2835 2225 2881 verum
2257 2836 2348 2879 ex
2375 2813 2630 2889 Verb0,

387 2912 577 2995 quod
617 2932 741 2993 pro
784 2911 913 2973 illis
956 2912 1069 2993 qui
1114 2911 1201 2974 ab
1236 2910 1525 2975 ecclesia
1559 2932 1600 2973 a
1637 2910 1934 2975 Domino
1971 2909 2431 2987 instauranda,
2465 2909 2632 2985 erit;

388 3005 704 3069 similiter
747 3016 821 3069 ut
867 3005 1013 3083 hic3
1070 3024 1229 3068 nam
1274 3025 1394 3085 per
1441 3004 1959 3069 “Michaelem”
2003 3003 2477 3085 intelliguntur
2520 3003 2634 3085 qui

390 3118 520 3181 pro
567 3096 879 3163 doctrina
924 3098 1160 3162 Novae
1209 3099 1728 3180 Hierosolymae
1781 3108 2000 3173 erunt,
2048 3097 2232 3180 cujus
2285 3094 2633 3161 doctrinae

391 3194 532 3257 duo
576 3191 969 3256 essentialia
1019 3202 1197 3269 sunt,
1246 3212 1492 3274 nempe
1544 3192 1727 3275 quod
1783 3192 2175 3256 Humanum
2223 3191 2500 3255 Domini
2545 3192 2633 3255 sit

393 3287 743 3361 Divinum,
793 3297 863 3351 et
918 3288 1101 3368 quod
1150 3288 1301 3351 vita
1351 3289 1599 3349 amoris
1653 3296 1724 3351 et
1778 3286 2128 3350 charitatis
2181 3286 2473 3349 vivenda
2525 3286 2634 3348 sit.

393 3380 807 3539 Noissiinatur
842 3382 1051 3446 etiam
1090 3381 1385 3446 Michael
1425 3382 1493 3445 in
1528 3380 1844 3462 Epistola
1879 3380 2108 3455 Judae
2143 3378 2491 3461 Apostoli,
2531 3378 2634 3443 his

393 3496 514 3540 ver
567 3496 645 3551 is,
2287 3514 2294 3521 .

496 3608 773 3659 “Micbael
796 3609 1166 3673 archangelus,
1186 3609 1401 3672 quando
1419 3604 1593 3658 mcum
1618 3608 1836 3657 diabolo
1853 3608 2134 3670 disputans
2157 3606 2399 3668 coarguit
2421 3606 2489 3656 de
2517 3604 2636 3655 Mo-

658 3676 735 3726 tis
763 3688 1003 3737 corpore,
1033 3689 1141 3723 non
1177 3688 1341 3725 ausus
1376 3683 1461 3723 est
1493 3674 1818 3724 sententiam
1854 3673 2046 3723 efferre
2075 3672 2454 3736 blasphemiae,
2483 3672 2633 3731 dixit,

662 3740 911 3802 Increpet
934 3750 987 3789 te
1014 3739 1281 3790 Dominus
1298 3738 1326 3759 ”
1350 3738 1478 3802 (ver.
1504 3739 1555 3802 9)
1577 3754 1589 3794 ;

395 3867 567 3929 haec
619 3864 829 3946 Judas
880 3863 1263 3945 Apostolus
1314 3884 1405 3926 ex
1467 3862 1654 3927 libris
1704 3864 2015 3938 vetustis,
2070 3864 2182 3945 qui
2241 3882 2361 3945 per
2412 3881 2636 3926 corre-

396 3960 843 4041 spondentias
895 3958 1263 4040 conscripti
1314 3958 1603 4033 suerunt,
1658 3958 1994 4036 adduxit;
2063 3969 2135 4022 et
2195 3958 2262 4020 in
2328 3957 2459 4021 illis
2518 3977 2638 4039 per

402 4052 751 4117 “Mosen”
795 4050 1221 4115 intellectum
1274 4062 1381 4115 est
1427 4051 1756 4126 Verbum,
1804 4062 1878 4115 et
1935 4071 2052 4132 per
2100 4051 2296 4132 “ejus
2348 4051 2636 4132 corpus”

399 4168 637 4212 sensus
668 4146 939 4211 litterae
971 4145 1221 4224 Verbi3
1269 4156 1339 4209 et
1370 4148 1527 4229 quia
1556 4146 1652 4209 illi
1683 4165 1802 4227 per
1829 4146 2230 4209 “diabolum
2251 4146 2280 4171 ”
2305 4144 2638 4211 intellecti

401 4255 579 4317 sunt,
636 4242 751 4324 qui
802 4242 909 4303 hic
968 4241 1037 4303 in
1088 4239 1507 4321 Apocalypsi
1552 4260 1674 4321 per
1729 4239 2213 4313 “draconem,”
2266 4242 2376 4322 qui
2429 4240 2638 4303 etiam

400 4347 683 4400 vocatur
732 4341 1063 4398 “satanas
1082 4334 1115 4360 ’'
1166 4345 1238 4398 et
1294 4334 1718 4409 “diaboluS,”
1765 4344 1957 4415 patet
2011 4334 2171 4416 quid
2225 4334 2639 4416 significatur

402 4450 517 4512 per
545 4428 733 4513 quod
760 4428 1113 4492 “Michael
1136 4428 1493 4509 disputans
1516 4430 1899 4510 coarguerit
1931 4427 2275 4492 diabolum
2308 4430 2392 4491 de
2426 4428 2640 4491 Mosis

402 4522 743 4606 corpore,”
764 4541 1013 4604 nempe
1042 4522 1222 4605 quod
1254 4542 1527 4587 sensum
1552 4523 1821 4586 litterae
1848 4520 2060 4585 Verbi
2093 4520 2632 4586 falsificaverint:

404 4627 471 4683 et
506 4619 659 4701 quia
692 4616 1001 4681 Verbum
1036 4617 1103 4679 in
1142 4615 1372 4681 littera
1409 4616 1545 4681 tale
1584 4625 1715 4692 est,
1751 4626 1824 4679 ut
1861 4637 1899 4679 e
1937 4616 2238 4697 genuino
2273 4634 2398 4679 suo
2433 4634 2636 4679 sensu
