3259 5384
637 669 800 736 1944
1247 663 1749 718 APOCALYPSIS
1792 661 2245 714 EXPLICATA.

631 835 772 898 veri
827 843 898 898 et
950 833 1111 897 boni
1165 833 1252 898 sit
1303 835 1371 897 in
1417 853 1671 916 genere
1714 853 1807 896 ex
1852 831 2099 914 triplici
2143 831 2427 912 origine,
2474 839 2545 894 et
2600 828 2757 894 inde
2800 829 2873 893 in

628 928 877 1009 triplici
930 927 1184 1010 gradu3
1247 929 1314 990 in
1367 946 1689 1009 supremo
1740 928 1955 1009 gradu
2007 936 2113 989 est
2166 925 2551 1006 conjugium
2598 924 2874 987 illorum

630 1023 742 1104 qui
773 1021 1106 1085 caelestes
1133 1032 1483 1096 vocantur,
1511 1022 1576 1084 in
1609 1020 1899 1085 inferiori
1929 1021 2106 1082 inter
2134 1019 2287 1082 illos
2318 1018 2429 1100 qui
2460 1018 2869 1100 spirituales,

631 1125 702 1178 et
740 1116 804 1176 in
843 1112 1074 1178 infimo
1104 1115 1282 1178 inter
1312 1115 1466 1179 illos
1497 1115 1608 1197 qui
1640 1113 2027 1191 naturales3
2074 1123 2183 1176 tot
2214 1113 2393 1176 enim
2427 1112 2680 1193 gradus
2710 1120 2877 1176 sunt

629 1209 1022 1271 interiorum
1061 1208 1392 1272 hominis:
1446 1208 1606 1272 inde
1654 1217 1795 1272 tres
1832 1207 2003 1270 caeli
2040 1216 2238 1282 sunt;
2292 1207 2405 1288 qui
2450 1207 2517 1268 in
2554 1223 2879 1287 supremo

631 1301 824 1365 caelo
871 1311 1030 1366 sunt
1074 1313 1409 1367 vocantur
1450 1303 1808 1376 caelestes,
1856 1303 1968 1384 qui
2013 1302 2080 1364 in
2127 1300 2416 1363 inferiori
2460 1297 2871 1380 spirituales..

632 1405 704 1461 et
751 1396 862 1478 qui
909 1397 974 1458 in
1021 1395 1254 1460 infimo
1289 1396 1657 1460 naturaleS.
1746 1395 2149 1476 Conjugium
2186 1391 2575 1458 intellectus
2612 1393 2755 1456 veri
2799 1402 2877 1458 et

631 1491 794 1554 boni
824 1509 977 1553 cum
1008 1487 1363 1554 affefitione
1393 1491 1534 1553 veri
1565 1499 1638 1553 et
1670 1490 1831 1552 boni
1861 1490 2039 1570 apud
2072 1486 2427 1563 caelestes,
2462 1487 2877 1568 intelligitur

633 1601 753 1665 per
791 1585 1196 1648 “eunuchos
1233 1585 1344 1667 qui
1382 1585 1448 1648 in
1491 1594 1687 1647 utero
1724 1583 1959 1646 matris
1996 1583 2137 1646 nati
2175 1592 2333 1645 sunt
2368 1581 2657 1644 eunuchi
2682 1579 2734 1659 ;”
2778 1601 2875 1644 ex

635 1697 838 1742 causa
873 1679 1027 1761 quia
1063 1679 1179 1754 illi,
1219 1681 1380 1742 dum
1417 1676 1927 1760 regenerantur,
1962 1677 2294 1758 recipiunt
2333 1697 2492 1740 vera
2528 1677 2765 1740 statim
2804 1677 2873 1740 in

629 1772 774 1836 vita
809 1792 928 1854 per
963 1793 1266 1837 amorem
1303 1793 1536 1837 eorum
1559 1821 1574 1847 ,
1625 1773 1783 1835 inde
1822 1783 1927 1836 est
1966 1772 2148 1854 quod
2185 1770 2283 1834 illi
2318 1773 2538 1834 sciant
2576 1791 2737 1834 vera
2774 1791 2871 1835 ex

631 1867 793 1948 ipsis
837 1869 1049 1930 veris:
1106 1868 1538 1949 regeneratio
1583 1885 1815 1930 eorum
1862 1887 1903 1929 a
1949 1865 2247 1929 Domino
2293 1885 2413 1946 per
2456 1883 2758 1928 amorem
2804 1866 2873 1928 in

635 1960 868 2041 Ipsum
905 1959 1324 2042 significatur
1360 1981 1479 2042 per
1517 1963 1643 2024 “in
1680 1969 1878 2023 utero
1914 1959 2053 2022 fieri
2086 1955 2544 2033 1¹¹eunuchos,”
2579 1959 2677 2022 ita
2712 1959 2872 2022 abs·

637 2075 766 2136 que
804 2054 1059 2118 lascivo
1088 2055 1419 2119 adulterii.
1509 2052 1911 2135 Coniugium
1942 2063 2173 2118 autem
2204 2050 2593 2117 intelle6tus
2623 2055 2763 2117 veri
2801 2064 2873 2118 et

635 2148 798 2211 boni
843 2169 996 2212 cum
1041 2146 1397 2213 affeecione
1443 2151 1584 2212 veri
1628 2159 1701 2212 et
1746 2149 1907 2211 boni
1952 2147 2131 2230 apud
2174 2147 2577 2228 spirituales,
2618 2147 2873 2212 intelli·

637 2244 818 2326 gitur
849 2263 968 2325 per
1001 2243 1404 2307 “eunuchos
1434 2243 1546 2327 qui
1581 2242 1673 2306 ab
1706 2243 2089 2306 hominibus
2120 2239 2277 2306 sacti
2314 2252 2473 2305 sunt
2504 2243 2794 2306 eunuchi
2818 2243 2875 2320 ;”

635 2337 704 2400 hi
740 2337 921 2399 enim
959 2355 1096 2399 non
1133 2338 1200 2400 in
1239 2347 1454 2412 utero,
1496 2337 1624 2400 hoc
1672 2347 1801 2412 est,
1841 2355 1964 2417 per
1995 2355 2318 2409 amorem,
2358 2346 2871 2417 regenerantur,

633 2431 754 2494 sed
792 2452 911 2513 per
945 2452 1105 2495 vera
1135 2434 1422 2514 primum
1455 2442 1735 2514 recepta
1769 2433 1837 2495 in
1874 2432 2221 2506 memoria,
2255 2441 2326 2495 et
2364 2432 2519 2494 dein
2556 2431 2873 2496 intellec-

635 2525 912 2590 tualiter
948 2527 1014 2588 in
1051 2527 1495 2608 cogitatione,
1536 2537 1607 2590 et
1645 2527 1739 2590 sic
1778 2526 2052 2589 demum
2089 2527 2155 2589 in
2194 2527 2337 2589 vita
2372 2545 2491 2607 per
2526 2525 2870 2608 quandam

639 2617 1065 2683 affectionem
1131 2620 1588 2700 spiritualem3
1658 2619 1725 2683 hi
1790 2621 2106 2684 dicuntur
2165 2618 2364 2684 “fieri
2428 2620 2716 2683 eunuchi
2780 2641 2875 2683 ex

633 2713 1076 2788 hominibus,”
1128 2715 1283 2796 quia
1335 2733 1454 2795 per
1505 2711 1929 2778 intellectum
1982 2735 2071 2777 ex
2128 2714 2452 2776 memoria
2502 2713 2872 2778 reforman-

633 2817 763 2882 tur,
826 2817 897 2871 et
957 2807 1268 2872 “homo''
1321 2807 1660 2889 significat
1718 2807 1905 2871 illum
1962 2805 2408 2882 intellectum,
2470 2818 2545 2870 ut
2602 2829 2872 2891 quoque

631 2921 852 2982 supra,
889 2901 997 2964 ubi
1031 2902 1276 2965 dicitur
1309 2902 1578 2965 “homo
1615 2911 1687 2965 et
1726 2900 1952 2964 uxor.”
2041 2900 2441 2983 Conjugium
2472 2913 2704 2965 autem
2741 2900 2873 2984 [in-

632 2994 979 3078 tellectus]
1029 2997 1168 3058 veri
1222 3005 1292 3058 et
1345 2996 1506 3060 boni
1562 3016 1715 3059 cum
1760 2994 2115 3060 affectione
2167 2997 2306 3059 veri
2358 3007 2429 3060 et
2481 2996 2641 3058 boni
2694 2995 2875 3078 apud

633 3089 999 3165 naturaleS,
1047 3089 1459 3172 intelligitur
1502 3110 1626 3172 per
1672 3092 2073 3154 “eunuchos
2118 3092 2229 3174 qui
2272 3111 2347 3154 se
2393 3090 2575 3173 ipsos
2616 3091 2874 3154 faciunt

635 3185 983 3248 eunuchos
1005 3183 1059 3262 ;”
1119 3185 1466 3248 naturales
1523 3185 1704 3248 enim
1764 3205 1884 3266 per
1936 3186 2364 3266 cognitiones
2421 3195 2491 3248 et
2550 3186 2871 3248 scientias

633 3279 760 3342 sibi
799 3289 1197 3362 comparant
1238 3278 1463 3342 lumen
1502 3279 1832 3354 naturale,
1865 3288 1937 3343 et
1972 3298 2092 3360 per
2126 3279 2379 3342 bonum
2415 3279 2597 3342 vitae
2632 3299 2873 3343 secun-

637 3373 798 3436 dum
850 3372 1003 3436 illas
1057 3370 1505 3448 affectionem,
1554 3383 1626 3436 et
1678 3374 1836 3437 inde
1890 3374 2416 3450 conscientiam;
2476 3382 2549 3435 et
2600 3375 2757 3455 quia
2806 3374 2873 3436 hi

637 3485 774 3529 non
806 3467 985 3529 aliud
1019 3467 1242 3530 sciunt
1272 3485 1476 3549 quam
1507 3467 1691 3549 quod
1728 3469 1852 3549 ipsi
1889 3466 2019 3530 hoc
2051 3467 2323 3540 faciant,
2356 3484 2515 3529 nam
2548 3466 2875 3530 naturalis

634 3561 845 3624 homo
897 3581 1034 3624 non
1080 3562 1336 3644 gaudet
1381 3560 1842 3642 intelligentia
1884 3581 2018 3643 qua
2062 3559 2426 3642 spiritualis
2470 3559 2699 3634 homo,
2748 3580 2873 3624 nec

637 3656 894 3738 gaudet
930 3656 1368 3738 perceptione
1406 3675 1538 3738 qua
1575 3654 1891 3719 caelestis
1927 3658 2156 3730 homo,
2198 3655 2354 3718 inde
2398 3663 2507 3718 est
2550 3655 2732 3736 quod
2778 3654 2875 3718 illi

635 3751 772 3813 sint
817 3751 929 3832 qui
973 3769 1046 3814 se
1091 3751 1274 3830 ipsos
1317 3750 1606 3828 saciant;
1662 3749 1785 3813 sed
1828 3752 1925 3814 ita
1962 3751 2203 3814 dicitur
2238 3769 2329 3811 ex
2367 3749 2767 3832 apparentia
2802 3759 2875 3813 et

637 3865 728 3910 ex
777 3843 910 3906 fide
946 3844 1232 3907 obscura
1267 3845 1445 3926 apud
1484 3845 1659 3907 illos
1752 3845 1945 3908 Haec
1982 3845 2212 3927 itaque
2247 3855 2407 3907 sunt
2452 3865 2625 3926 quae
2670 3844 2875 3908 intel·

637 3937 942 4019 liguntur
977 3957 1096 4018 per
1131 3937 1326 4002 “fieri
1359 3938 1705 4004 eunuchos
1738 3947 2018 4019 propter
2046 3957 2329 4020 regnum
2364 3937 2491 4001 Dei
2515 3937 2567 4000 :”
2614 3947 2683 4002 et
2722 3939 2877 4021 quia

638 4033 831 4113 pauci
870 4032 1036 4094 haec
1076 4033 1371 4112 capiunt,
1405 4033 1649 4096 dicitur
1682 4053 1723 4095 a
1762 4032 2079 4107 Domino,
2118 4030 2307 4113 “Qui
2348 4041 2579 4113 potest
2610 4052 2874 4114 capere,

639 4123 894 4204 capiat.
899 4121 931 4146 ”
1015 4137 1136 4198 (sed
1162 4141 1226 4185 ad
1243 4139 1606 4186 illustrationem
1636 4139 1780 4198 huius
1800 4141 1883 4195 rei,
1906 4140 2157 4186 videantur
2176 4152 2303 4197 qm
2330 4140 2380 4186 in
2408 4153 2553 4198 open·
2576 4141 2654 4186 De
2678 4141 2817 4187 Caelo
2834 4149 2883 4186 ee

637 4213 850 4273 by‘emo,
869 4211 945 4257 De
965 4212 1158 4258 duobus
1179 4212 1374 4271 Regni&
1391 4213 1438 4258 in
1461 4225 1587 4270 quae
1603 4212 1739 4260 Caeli
1758 4213 1965 4260 distincti
1980 4219 2117 4266 sunt:
2151 4219 2253 4258 tum
2276 4211 2353 4258 De
2370 4213 2519 4258 tribus
2534 4213 2693 4260 Caelis
2710 4227 2882 4259 secun-

639 4281 756 4328 dum
779 4287 871 4325 tra
892 4280 1083 4326 Gradus
1101 4281 1380 4326 interiorum
1403 4279 1645 4334 Hominis.
1667 4294 1715 4327 ιι.
1738 4294 1860 4337 οτι-4
1856 4293 1912 4335 ος
1950 4289 1999 4326 et
2018 4293 2144 4338 quae
2176 4281 2252 4326 De
2283 4279 2531 4339 conjugiis
2562 4281 2610 4326 in
2642 4281 2806 4335 Caelo,
2828 4295 2878 4329 ιι.

638 4354 1020 4416 3⁶6-386,d16ta
1041 4363 1088 4401 et
1105 4363 1297 4401 ostensa
1315 4354 1465 4414 sunt.)
1550 4316 1818 4403 Dicitur
1828 4296 1941 4402 4de
1973 4339 2289 4420 johanne
2326 4339 2671 4421 Baptista,

749 4488 908 4554 Quod
936 4487 1187 4552 impletus
1214 4487 1286 4538 sit
1320 4487 1519 4550 Spiritu
1545 4483 1738 4537 sancto
1772 4487 1829 4536 in
1862 4495 2017 4537 utero
2045 4487 2263 4538 matris:
2304 4495 2360 4536 et
2394 4487 2538 4551 quod
2565 4489 2790 4550 embyro
2819 4486 2874 4536 in

901 4563 1054 4604 utero
1078 4556 1146 4604 ad
1171 4555 1549 4604 salutationem
1575 4552 1781 4602 Mariae
1805 4553 2123 4603 exultaverit
2147 4551 2292 4615 (Luc.
2318 4553 2349 4602 i.
2376 4552 2693 4614 15,41.44):
