3259 5384
958 694 1118 746 CAP.
1153 695 1336 757 xm..
1371 695 1579 748 VERS.
1611 682 1835 746 6.-N.
1867 679 2126 766 799[a].
2494 698 2663 765 2223

399 882 573 928 nam
627 864 698 928 in
751 863 1033 946 singulis
1086 865 1429 941 faciendis,
1479 865 1655 928 sicut
1709 865 1776 928 in
1830 863 2113 947 singulis
2157 863 2517 929 credendis
2572 865 2661 930 ab

395 957 725 1036 homine;
781 959 1091 1041 cogitant
1128 961 1308 1022 enim
1355 969 1428 1023 et
1464 959 1701 1022 dicunt
1741 960 1922 1043 quod
1962 959 2144 1023 bona
2176 959 2485 1024 facienda
2520 961 2660 1025 sint

395 1053 584 1116 sicut
630 1053 721 1116 ab
761 1053 1058 1130 homine,
1107 1073 1266 1118 nam
1312 1055 1422 1136 qui
1470 1073 1608 1118 non
1658 1053 1817 1118 facit
1862 1063 1935 1117 et
1982 1053 2198 1117 credit
2242 1054 2419 1117 sicut
2471 1074 2512 1117 a
2564 1075 2661 1130 se,

396 1145 574 1209 nihil
620 1147 838 1210 credit
881 1156 952 1211 et
991 1147 1156 1211 nihil
1199 1148 1380 1224 facit,
1423 1149 1529 1212 cui
1575 1147 1763 1211 nulla
1803 1147 2043 1230 religio
2080 1157 2226 1212 est:
2282 1148 2404 1211 sed
2450 1167 2664 1231 usque

397 1241 564 1322 quia
610 1259 748 1304 non
793 1240 926 1304 illis
969 1243 1268 1323 genuina
1301 1262 1463 1305 vera
1506 1252 1690 1318 sunt,
1732 1261 1869 1306 non
1908 1241 2181 1324 quidem
2228 1242 2351 1305 sibi
2397 1241 2661 1306 caelum

396 1333 761 1410 claudunt,
818 1345 890 1399 at
949 1355 1089 1399 non
1143 1335 1422 1400 ulterius
1477 1356 1681 1420 quam
1741 1335 1829 1400 ad
1882 1336 2089 1400 limen
2146 1336 2317 1400 caeli
2375 1347 2665 1417 possunt

397 1430 682 1492 venire:
728 1431 840 1512 qui
872 1450 1034 1493 vero
1071 1450 1162 1493 ex
1201 1430 1332 1493 illis
1369 1440 1776 1494 amaverunt
1812 1450 1972 1494 vera
2009 1440 2287 1513 propter
2316 1451 2496 1506 vera,
2532 1431 2663 1494 illis

400 1523 711 1602 aperitur
742 1523 1026 1600 caelum,
1061 1525 1336 1607 quando
1375 1524 1661 1587 Divinus
1692 1525 1861 1588 ordo
1898 1525 2077 1605 apud
2114 1524 2269 1588 illos
2305 1526 2664 1588 restitutus

397 1625 532 1692 est,
576 1617 696 1699 qui
738 1627 845 1681 est
889 1627 964 1681 ut
1010 1618 1306 1681 charitas
1351 1629 1422 1682 et
1469 1618 1609 1700 ejus
1657 1619 1912 1682 bonum
1961 1619 2181 1700 primo
2226 1617 2381 1682 loco
2424 1619 2535 1694 sit,
2582 1639 2663 1682 ac

397 1709 576 1774 fides
608 1722 683 1775 et
713 1711 854 1792 ejus
879 1732 1038 1776 vera
1061 1712 1366 1776 secundo
1393 1734 1408 1790 ;
1457 1722 1616 1776 sunt
1652 1713 1831 1776 enim
1864 1723 2027 1776 tunc
2060 1713 2235 1776 sicut
2268 1714 2380 1796 qui
2404 1713 2665 1776 vadunt

397 1807 513 1868 via
573 1803 766 1870 resta
821 1806 991 1870 facie
1045 1805 1407 1888 spectante
1466 1817 1874 1882 antrorsum,
1936 1817 2009 1871 at
2076 1808 2254 1888 prius
2318 1808 2493 1870 sicut
2552 1807 2665 1888 qui

399 1900 675 1963 vadunt
708 1900 876 1964 facie
907 1898 1262 1983 spectante
1293 1912 1683 1965 retrorsum.
1774 1900 1995 1976 Sexte,
2058 1899 2231 1965 Sunt
2264 1901 2471 1964 etiam
2509 1901 2663 1982 plu-

401 2015 513 2058 res
559 1995 678 2076 qui
713 1995 1118 2058 charitatem
1155 1995 1410 2059 faciunt
1451 1995 1817 2059 essentiale
1857 1996 2153 2058 medium
2192 1995 2451 2071 salutiS,
2492 1996 2665 2059 sicut

400 2089 516 2152 alii
565 2088 795 2165 fidem,
836 2100 907 2154 et
954 2100 1190 2153 tamen
1239 2110 1374 2153 non
1413 2091 1652 2153 vivunt
1698 2090 2049 2153 charitatis
2086 2091 2339 2168 vitam;
2394 2099 2466 2154 at
2511 2091 2667 2173 quia

401 2185 711 2248 charitas
747 2203 978 2247 eorum
1016 2194 1126 2248 est
1172 2184 1392 2247 solum
1436 2184 1771 2248 consessio
1807 2183 2011 2247 oralis
2049 2183 2231 2266 quod
2276 2184 2375 2247 ita
2419 2184 2527 2260 sit,
2568 2184 2667 2246 ita

402 2289 514 2342 est
552 2277 778 2342 solum
812 2276 980 2341 fides
1010 2297 1244 2341 eorum
1276 2299 1292 2357 ;
1345 2278 1524 2341 unde
1555 2277 1823 2342 illorum
1857 2279 2151 2341 charitas
2188 2277 2496 2341 similiter
2525 2297 2665 2342 non

402 2385 512 2437 est
551 2373 712 2436 viva
753 2372 875 2435 sed
923 2382 1228 2436 mortua:
1285 2393 1491 2456 quare
1539 2391 1775 2454 parum
1818 2371 2136 2436 differunt
2171 2392 2213 2435 a
2258 2372 2663 2436 consessori·

403 2467 533 2531 bus
567 2465 778 2530 solius
808 2465 984 2543 fidei,
1012 2476 1170 2530 sunt
1203 2469 1384 2530 enim
1417 2467 1614 2530 simili
1650 2467 1874 2542 corde,
1902 2467 2023 2529 sed
2057 2466 2361 2530 dissimili
2391 2467 2660 2546 anima;

403 2571 478 2625 at
515 2581 734 2644 usque
771 2581 944 2623 unus
979 2561 1153 2625 sicut
1189 2561 1365 2624 alter
1401 2561 1657 2624 claudit
1694 2561 1818 2624 sibi
1855 2558 2139 2625 caelum.

527 2661 862 2746 799[a].
919 2662 1039 2725 “Er
1069 2663 1536 2726 tabernaculum
1563 2660 2115 2743 &staff—Quod
2152 2662 2495 2744 significet
2523 2685 2663 2727 om·

405 2777 557 2820 nem
593 2757 902 2819 ecclesiae
933 2756 1315 2820 doHrinam
1355 2765 1422 2819 et
1451 2756 1699 2818 cultum
1734 2755 1910 2830 inde,
1944 2765 2225 2818 constat
2261 2776 2353 2818 ex
2398 2756 2661 2837 signifi·

406 2855 688 2918 catione
729 2853 1267 2929 “tabernaculi,”
1305 2854 1487 2936 quod
1541 2855 1628 2916 sit
1675 2852 1966 2916 ecclesia
2009 2852 2237 2935 quoad
2283 2850 2662 2918 doctrinam

405 2958 478 3011 et
525 2947 814 3023 cultum,
863 2948 1019 3010 inde
1067 2949 1273 3012 etiam
1319 2945 1631 3012 doctrina
1675 2956 1747 3010 et
1792 2946 2015 3010 cultus
2060 2947 2389 3010 ecclesiae
2415 2970 2431 3026 ;
2492 2949 2661 3014 haec

407 3043 645 3125 itaque
682 3041 1035 3106 falsificare
1073 3040 1490 3124 significatur
1527 3061 1649 3123 per
1688 3039 2220 3122 “blasphemare
2258 3043 2662 3107 tabernacu-

407 3136 548 3199 lum
577 3135 762 3198 Dei.”
835 3133 1038 3217 Quod
1063 3141 1102 3168 ‘⁴
1122 3135 1635 3199 tabernaculum
1652 3134 1683 3161 ”
1700 3133 2035 3216 significet
2060 3135 2417 3209 ecclesiam
2437 3137 2663 3219 quoad

405 3227 795 3294 doctrinam
833 3243 903 3292 et
941 3229 1222 3304 cultum,
1261 3239 1367 3292 est
1407 3230 1561 3312 quia
1596 3228 1691 3292 illi
1730 3229 1842 3310 qui
1878 3228 1965 3292 ab
2002 3229 2293 3292 ecclesia
2328 3232 2657 3313 antiquis-

406 3325 597 3387 simis
629 3324 1050 3405 temporibus
1081 3334 1275 3387 erant
1308 3323 1714 3387 habitabant
1748 3325 1813 3384 in
1842 3322 2295 3386 tabernaculis
2327 3334 2399 3388 et
2430 3335 2664 3389 tento-

405 3419 541 3494 riis,
571 3437 730 3482 cum
761 3419 999 3500 quibus
1031 3419 1238 3481 etiam
1272 3418 1685 3499 peregrinati
1717 3427 1895 3492 sunt,
1925 3426 2120 3481 erant
2152 3419 2331 3480 enim
2364 3419 2664 3502 plerique

407 3520 575 3602 tunc
631 3523 945 3593 pastores
999 3513 1265 3589 ovium;
1328 3521 1399 3575 et
1445 3510 1931 3593 paterfamilias
1977 3511 2209 3574 docuit
2255 3511 2408 3574 illos
2460 3514 2571 3594 qui
2624 3533 2663 3578 e

408 3606 621 3671 domo
676 3605 852 3668 illius
903 3607 1238 3688 prognati,
1273 3615 1469 3669 erant
1521 3616 1893 3686 praecepta
1951 3603 2323 3681 charitatis,
2379 3616 2450 3669 et
2502 3607 2661 3672 inde

407 3703 628 3764 vitam
660 3701 929 3775 amoriS,
963 3701 1030 3763 in
1063 3699 1538 3774 tabernaculi5‚
1572 3700 1745 3762 sicut
1778 3710 2019 3780 postea
2048 3699 2115 3761 in
2148 3699 2423 3780 templis
2449 3722 2465 3779 ;
2504 3702 2663 3766 inde

411 3795 987 3858 “tabernaculum
1008 3793 1039 3820 ”
1101 3792 1528 3875 significabat
1589 3793 1803 3856 simile
1871 3793 2052 3875 quod
2116 3793 2416 3856 “domus
2476 3795 2664 3870 Dei,”

409 3909 682 3972 nempe,
731 3888 990 3952 cultum
1057 3888 1184 3951 Dei
1244 3887 1619 3951 secundum
1678 3884 2077 3962 doctrinam,
2126 3889 2409 3970 proinde
2455 3891 2663 3955 etiam

408 3984 796 4059 ecelesiam,
837 3984 1156 4065 quoniam
1195 3981 1484 4045 ecclesia
1521 3992 1630 4046 est
1668 3981 1955 4045 ecclesia
1985 4000 2076 4043 ex
2114 3983 2255 4045 vita
2289 3984 2661 4047 secundum

409 4075 816 4152 doctrinam,
856 4087 925 4140 et
963 4078 1106 4140 vita
1149 4074 1521 4139 secundum
1570 4074 1949 4139 doctrinam
1986 4086 2093 4140 est
2139 4076 2379 4140 cultus,
2469 4076 2659 4159 Quo-

409 4172 595 4236 niam
646 4171 1092 4253 antiquissimi
1147 4169 1262 4244 illi,
1311 4170 1491 4252 apud
1539 4190 1710 4253 quos
1758 4169 2049 4234 ecclesia
2092 4170 2235 4247 fuit,
2283 4171 2663 4238 adorabant

349 4309 354 4316 -
411 4263 639 4328 Deum
666 4265 791 4327 sub
821 4264 1034 4328 forma
1067 4261 1408 4340 Humana,
1436 4272 1507 4326 et
1532 4263 1689 4346 quia
1722 4262 1907 4326 Deus
1939 4263 2065 4326 sub
2100 4263 2315 4326 forma
2340 4261 2662 4330 Humana

409 4371 518 4424 est
565 4360 924 4434 DominuS,
965 4359 1122 4422 inde
1170 4359 1400 4440 Ipsum
1447 4357 1811 4435 colebant;
1857 4358 2013 4421 inde
2059 4357 2350 4422 ecclesia
2393 4359 2661 4423 illorum

408 4453 532 4519 fuit
580 4453 872 4518 ecclesia
921 4451 1258 4530 caelestiS,
1299 4472 1471 4535 quae
1517 4451 1957 4534 distinguitur
2002 4453 2089 4515 ab
2132 4451 2421 4516 ecclesia
2466 4455 2657 4535 spiri-

409 4548 579 4612 tuali
611 4549 680 4611 in
716 4569 821 4623 e0,
861 4547 1045 4630 quod
1081 4546 1372 4610 ecclesia
1407 4545 1723 4610 caelestis
1762 4547 1828 4608 in
1866 4566 2095 4609 amore
2143 4547 2209 4609 in
2259 4546 2654 4620 Dominum,

413 4653 483 4707 et
519 4643 588 4706 in
626 4641 816 4707 cultu
846 4629 947 4705 ex*
973 4641 1092 4705 illo
1129 4661 1357 4705 amore
1395 4643 1503 4716 sit,
1538 4650 1610 4704 et
1648 4639 1828 4722 quod
1868 4639 2157 4702 ecclesia
2186 4639 2550 4721 spiritualis
2588 4641 2654 4702 in
