3259 5384
647 683 828 762 '2248
1279 693 1783 744 APOCALYPSIS
1827 691 2277 744 EXPLICATA.

660 865 863 928 Pater
904 873 979 928 vet
1030 863 1188 946 Ipse
1225 881 1432 926 unum
1471 863 1653 939 sun't,
1692 863 1869 927 sicut
1914 863 2125 927 etiam
2162 861 2371 926 docet
2410 861 2590 945 apud
2628 853 2897 937 Jokan·

660 977 824 1032 nem,

757 1073 855 1123 “Si
897 1072 989 1122 Me
1029 1071 1375 1135 cognoscitis.
1409 1072 1572 1122 etiam
1617 1070 1833 1122 Putrem
1877 1083 2057 1120 meum
2090 1069 2475 1133 cognoscitisa
2526 1069 2631 1121 ..is
2670 1070 2763 1134 qui
2804 1067 2901 1119 Me

881 1139 1082 1196 videt.
1102 1139 1248 1188 videt
1273 1137 1538 1188 Patrem·’
1507 1167 1521 1196 ,
1543 1136 1612 1188 ’..
1629 1136 1957 1200 .Ρ1;ἰ1ίι>ρεε,ο
1960 1135 2183 1186 ‘Nonne
2208 1135 2385 1186 eredis
2406 1107 2548 1198 quoti
2574 1135 2693 1198 Ego
2716 1136 2770 1184 in
2798 1135 2901 1184 Pa-

917 1213 1091 1318 ¹ttr‘eloiste
1109 1199 1308 1329 Ρῗὲῗξ
1295 1217 1358 1328 ις
1377 1201 1527 1332 {¹125-
1545 1200 1853 1328 ,lbcredite
1880 1199 2033 1260 Mihi,
2056 1201 2201 1265 quod
2228 1199 2345 1264 Ego
2373 1201 2428 1250 in
2456 1199 2631 1260 Patre,
2654 1209 2711 1250 et
2742 1199 2903 1250 Pata

649 1379 854 1465 apud
874 1381 1187 1456 eundem,

757 1489 963 1572 “Pater
993 1499 1050 1538 et
1086 1487 1201 1552 Ego
1236 1503 1404 1538 unum
1431 1503 1652 1546 sumus:
1762 1503 1853 1540 ‚co
1890 1489 2128 1540 noscatis
2162 1497 2215 1538 et
2249 1489 2480 1558 credatis
2507 1487 2653 1552 quod
2690 1487 2807 1551 Ego
2844 1488 2902 1538 in

920 1551 1076 1604 Patre
1099 1565 1153 1604 et
1181 1553 1377 1604 Pater·
1363 1568 1417 1604 m
1445 1553 1581 1604 Μεθ’·
1603 1553 1676 1616 (x.
1702 1565 1781 1614 30.
1808 1553 1906 1614 38.

655 1649 954 1718 Accedit

769 1757 926 1822 Quod
953 1757 1219 1807 Dominus
1243 1758 1313 1807 sit
1343 1757 1490 1807 Deus
1514 1757 1653 1812 caeli
1677 1766 1730 1807 et
1754 1766 1943 1816 terrae,
1968 1767 2025 1812 ut
2048 1755 2176 1820 Ipse
2198 1757 2355 1807 docet
2376 1756 2525 1822 (Jok.
2550 1757 2623 1807 iii.
2648 1769 2743 1820 353
2784 1772 2905 1822 cap.

923 1823 1048 1872 xvii.
1077 1835 1134 1872 2.
1157 1823 1368 1872 ³stlatth.
1393 1823 1462 1872 xi.
1488 1833 1582 1882 27;
1617 1837 1731 1885 cap.
1755 1819 2125 1884 mmmm„

657 1965 729 2019 et
767 1955 876 2024 sic
901 1955 1080 2038 quod
1121 1955 1275 2036 Ipse
1313 1953 1665 2022 adeundus
1702 1957 1809 2018 sit.
1898 1953 2267 2020 Sciendum
2300 1955 2511 2020 etiam
2544 1965 2653 2020 est
2688 1955 2903 2038 quod,

662 2050 790 2112 nisi
837 2049 990 2130 Ipse
1037 2049 1338 2124 adeatur,
1379 2047 1588 2114 homo
1633 2069 1770 2112 non
1816 2049 2122 2130 cogitare
2154 2050 2375 2132 ‚possit
2421 2068 2577 2112 cum
2610 2049 2903 2132 angeliS,

657 2145 974 2225 quoniam
1033 2145 1254 2208 omnis
1313 2143 1650 2226 cogitatio
1708 2143 2020 2226 angelica
2078 2143 2165 2209 de
2224 2143 2377 2208 Deo
2433 2152 2541 2207 est
2599 2143 2688 2208 de
2750 2143 2906 2211 Deo

659 2236 996 2314 Homine;
1057 2237 1258 2302 aliter
1300 2237 1386 2304 de
1437 2235 1610 2312 Deo,
1646 2247 1719 2300 et
1762 2247 2263 2318 consequenter
2306 2237 2391 2300 de
2438 2235 2721 2310 Divinis,
2762 2257 2905 2302 non

657 2335 960 2414 cogitare
999 2325 1318 2414 possunt,⁴
1350 2333 1506 2414 quia
1543 2331 2003 2412 cogitationes
2035 2331 2307 2399 illorum
2344 2331 2603 2396 vadunt
2647 2332 2905 2394 circum

651 2428 836 2497 circa
873 2446 991 2508 per
1027 2425 1316 2498 caelum.
1349 2436 1420 2490 et
1457 2423 1723 2490 caelum
1760 2435 1865 2492 est
1905 2423 2273 2492 caelumin
2310 2423 2523 2490 forma
2561 2423 2905 2508 Hominis.

657 2519 794 2586 Sed
831 2521 916 2583 de
955 2519 1079 2584 hac
1116 2540 1186 2582 re
1225 2520 1415 2600 plura
1449 2519 1628 2584 alibi.

791 2617 942 2700 (iii.)
1013 2616 1206 2696 Quod
1235 2638 1360 2681 non
1378 2617 1603 2698 ficerit
1636 2615 1946 2680 Portatio
1975 2616 2402 2698 iniquitatum
2436 2627 2830 2682 nostrarum
2862 2638 2909 2682 a

657 2711 938 2776 Domino
965 2722 1031 2774 et
1064 2711 1218 2774 inde
1247 2709 1585 2776 Libe-ratio
1619 2709 1706 2774 ab
1742 2710 1884 2774 illis
1916 2711 2267 2774 secundum
2283 2710 2499 2794 fidem
2526 2711 2904 2792 vulgarem,

661 2826 833 2888 quae
869 2816 974 2869 est
1019 2807 1200 2890 quod
1249 2803 1584 2870 Dominus
1621 2815 1907 2886 peccata
1944 2805 2177 2868 mundi
2214 2807 2279 2866 in
2327 2803 2414 2868 Se
2452 2805 2903 2883 transtulerit,

657 2919 740 2964 ac
785 2898 902 2964 illa
946 2899 1264 2982 dejecerit
1309 2901 1376 2962 in
1423 2897 1775 2972 infernum,
1816 2909 1887 2961 et
1932 2898 2025 2962 sic
2072 2898 2441 2964 sustulerit.
2531 2897 2693 2962 Hoc
2740 2919 2905 2964 con·

663 2993 947 3058 cludunt
985 3015 1076 3056 ex
1111 2992 1437 3074 Johannis
1459 2993 1696 3056 verbis
1733 2993 1818 3057 de
1852 2991 2033 3074 Jesu,

943 3125 971 3149 ‘⁶
988 3125 1122 3175 Ecce
1149 3125 1341 3188 Agnus
1367 3125 1467 3175 Dei
1491 3125 1580 3190 qui
1607 3125 1747 3175 tollit
1770 3135 1988 3188 peccata
2012 3125 2196 3175 mundi
2212 3124 2241 3144 ''
2264 3123 2415 3190 (Jok.
2440 3126 2472 3175 ἰ.
2496 3125 2615 3188 29);

658 3260 730 3316 et
769 3271 860 3315 ex
897 3249 1136 3324 Esaia,
1180 3250 1292 3314 ubi
1329 3250 1556 3332 agitur
1589 3250 1679 3314 de
1717 3250 2041 3326 Domino,

760 3371 790 3392 “
807 3367 1030 3419 Morbos
1061 3378 1276 3418 nostros
1307 3367 1405 3417 Ille
1441 3368 1576 3426 tulit.
1605 3383 1667 3418 ac
1695 3368 1952 3428 dolores..
1971 3404 1984 3419 .
2004 3405 2017 3419 .
2038 3379 2116 3418 .et
2143 3367 2450 3433 iniquitates
2462 3366 2493 3387 ”
2517 3377 2739 3418 nostras
2765 3367 2909 3419 “lue

921 3435 1154 3496 portavit
1167 3433 1196 3453 ”
1219 3431 1332 3494 (liii.
1354 3444 1404 3492 4,
1433 3431 1544 3496 11);

657 3565 784 3628 sed
842 3565 1001 3647 quid
1061 3563 1482 3646 significatur
1531 3585 1653 3647 per
1706 3563 2161 3647 “iniquitates
2213 3563 2537 3647 portare”
2592 3563 2905 3628 nondum

654 3656 1087 3722 intellectum
1114 3669 1222 3722 est
1253 3660 1319 3720 in
1352 3658 1680 3734 ecclesiis,
1706 3680 1914 3742 quare
1938 3659 2221 3722 dicetur.
2294 3657 2409 3721 Ex
2441 3658 2683 3723 ordine
2712 3659 2904 3722 Divi-

661 3772 752 3818 no
783 3753 905 3816 fuit
935 3753 1118 3834 quod
1156 3753 1535 3834 prophetae
1559 3763 2155 3835 repraesentarent
2186 3762 2448 3817 statum
2480 3772 2641 3816 suae
2674 3753 2905 3818 eccle·

657 3849 818 3920 siae,
855 3855 930 3909 ut·
966 3847 1124 3910 inde
1161 3848 1414 3913 scirent
1451 3847 1689 3929 quales
1726 3857 2002 3926 essent;
2048 3858 2123 3912 ut
2168 3857 2493 3914 constare
2532 3857 2779 3930 potest
2814 3869 2905 3912 ex

657 3941 1098 4022 sequentibus
1123 3939 1434 4022 z—Quod
1473 3941 1716 4004 Esaias
1744 3941 1967 4022 jussus
2006 3944 2095 4006 sit

757 4071 844 4122 Ire
863 4073 1475 4200 nudus2e331iscalceatus
1495 4083 1602 4126 tres
1619 4089 1813 4134 annos,
1832 4075 1887 4124 in
1906 4075 2120 4138 signum
2146 4083 2199 4124 et
2218 4074 2521 4138 prodigium
2540 4071 2773 4140 ([Esm'.]
2792 4089 2905 4138 cap.

917 4153 1002 4187 xx.
1057 4177 1070 4197 ,
1159 4157 1170 4190 :

657 4263 1220 4344 repraesentabat
1255 4283 1375 4346 per
1404 4262 1471 4327 id
1506 4265 1690 4346 quod
1724 4283 1860 4328 non
1892 4264 2182 4346 amplius
2214 4273 2448 4328 essent
2480 4264 2714 4348 aliqua
2744 4283 2906 4328 vera

657 4357 726 4420 in
765 4355 1094 4434 ecclesia;
1151 4358 1279 4420 hoc
1317 4357 1738 4440 significatur
1774 4379 1893 4446 per
1932 4359 2083 4422 “ire
2121 4359 2374 4422 nudum
2412 4369 2483 4423 et
2520 4359 2901 4423 discalcea-

660 4459 826 4514 tum.
835 4449 864 4474 ”
953 4449 1156 4532 Quod
1193 4449 1553 4515 Hoscheas
1582 4451 1806 4534 jussus
1844 4453 1932 4516 sit

755 4583 1014 4648 Accipere
1038 4585 1138 4635 sibi
1163 4586 1437 4636 mulierem
1456 4587 1857 4646 scortationum.
1877 4596 1931 4639 et
1954 4588 2151 4638 liberos
2172 4589 2574 4646 scortationum.
2599 4589 2731 4654 quia
2754 4602 2897 4639 seor-

919 4651 1084 4700 tando
1112 4660 1346 4702 scortata
1367 4661 1452 4702 eat
1476 4660 1620 4702 terra
1642 4649 1905 4717 ([Ηῦκᾰ]
1931 4665 2045 4716 cap.
2070 4652 2103 4702 ἰ.
2129 4665 2175 4712 2,
2200 4657 2387 4718 seq.:)
