3259 5384
1119 641 1279 692 CAP.
1313 641 1489 704 xw„
1523 640 1732 692 VERS.
1775 627 2030 691 18.—N.
2060 628 2207 709 91-8.
2608 625 2776 705 2467

541 813 944 898 intelligitur
977 821 1050 877 et
1087 813 1488 878 describitur
1524 833 1645 895 per
1682 817 1722 846 ‘⁸
1744 813 1895 878 Vae
1934 813 2116 890 mihi,
2156 810 2371 878 factus
2412 831 2563 875 sum
2604 812 2780 875 sicut

544 906 982 973 collectiones
1013 909 1318 982 aestatiS,
1356 909 1528 971 sicut
1565 909 2058 971 racemationes
2097 908 2476 971 vindemiae
2500 905 2553 984 ;”
2596 907 2777 988 quod

543 1022 680 1066 non
732 1003 985 1066 bonum
1045 1002 1414 1083 spirituale,
1463 1021 1588 1065 nec
1649 1001 1902 1064 bonum
1966 1001 2273 1065 naturale
2327 1001 2637 1082 ampliuS,
2686 1021 2779 1063 ex

544 1097 782 1180 quibus
839 1095 1508 1171 colatur-DominuS,
1557 1095 1974 1178 significatur
2020 1116 2140 1177 per
2183 1098 2365 1179 quod
2416 1101 2609 1158 “non
2655 1095 2781 1158 bo-

545 1202 691 1254 trus
734 1191 823 1254 ad
869 1191 1388 1266 comedendum,
1437 1191 1849 1273 primitivum
1897 1190 2240 1254 desiderat
2285 1192 2511 1253 anima
2555 1208 2708 1252 mea
2730 1187 2784 1264 ;”

547 1285 733 1367 quod
777 1304 912 1347 non
959 1284 1248 1364 amplius
1283 1304 1515 1347 verum
1561 1284 1933 1365 spirituale,
1983 1304 2107 1348 nec
2157 1285 2486 1359 naturale,
2528 1282 2781 1366 signifi-

544 1388 737 1442 catur
781 1398 900 1461 per
939 1379 1198 1442 “Periit
1253 1376 1547 1453 sanctus»,
1585 1388 1658 1441 et
1704 1375 1927 1442 rectus
1980 1379 2157 1442 inter
2200 1379 2513 1443 homines
2568 1397 2703 1440 non
2732 1376 2784 1455 ;”

542 1473 723 1554 quod
770 1493 930 1535 vera
987 1482 1058 1535 et
1107 1473 1285 1535 bona
1333 1471 1565 1547 Verbi,
1615 1483 1687 1536 et
1746 1473 1903 1536 inde
1948 1473 2298 1548 ecclesiae,
2347 1473 2787 1536 destruantur

544 1566 890 1648 per-falsa
947 1575 1019 1630 et
1075 1566 1274 1640 mala,
1329 1566 1746 1647 significatur
1803 1587 1923 1648 per
1970 1565 2287 1631 “Omnes
2344 1565 2785 1649 sanguinibus

545 1660 999 1724 insidiantur.”
1088 1661 1295 1742 Apud
1331 1661 1726 1738 Hoscheam,

645 1795 831 1846 “Sicut
853 1810 986 1844 uvas
1012 1795 1067 1844 in
1097 1796 1310 1845 deserto
1334 1796 1517 1845 inveni
1541 1795 1812 1855 Israelem,
1835 1795 1973 1845 sicut
1996 1794 2322 1858 primitivum
2347 1795 2403 1844 in
2428 1793 2529 1844 fleu
2552 1795 2607 1844 in
2632 1793 2785 1844 initio

804 1861 923 1924 ejus
947 1861 1056 1910 vidi
1081 1871 1262 1924 patres
1285 1871 1498 1910 vestros
1515 1859 1546 1880 ”
1568 1860 1661 1923 (ix.
1686 1862 1794 1925 10):

548 1991 716 2055 haec
763 1993 848 2055 de
895 1991 1207 2056 Ecclesia
1253 1991 1584 2074 Antiqua,
1632 2002 1705 2057 et
1758 1993 1845 2057 de
1890 1991 2029 2074 ejus
2075 1991 2560 2056 instauratione
2586 2013 2602 2070 ;
2670 1990 2788 2055 illa

549 2084 836 2149 ecclesia
871 2087 979 2149 hic
1019 2086 1424 2168 intelligitur
1460 2107 1580 2169 per
1614 2086 2058 2162 “Israelem,”
2091 2087 2340 2168 primus
2377 2085 2517 2167 ejus
2563 2096 2787 2150 status

551 2178 951 2262 intelligitur
981 2201 1100 2263 per
1134 2183 1256 2242 “in
1290 2181 1564 2243 deserto
1579 2180 1609 2205 ’⁹
1641 2201 1720 2244 ac
1751 2182 1877 2244 “in
1916 2181 2164 2254 initi0,”
2188 2201 2265 2244 ac
2303 2181 2557 2244 bonum
2594 2180 2785 2261 spiri-

545 2273 729 2337 tuale
763 2274 943 2356 quod
976 2275 1152 2355 apud
1179 2273 1332 2336 illos
1358 2293 1480 2355 per
1507 2279 1547 2307 ‘⁴
1567 2296 1732 2339 uvas
1762 2275 1815 2353 ;”
1851 2295 1929 2338 ac
1957 2276 2210 2339 bonum
2242 2275 2399 2337 inde
2434 2275 2787 2338 oriundum

546 2369 616 2430 in
656 2369 942 2431 naturali
979 2369 1252 2432 homine
1289 2389 1409 2450 per
1444 2370 1915 2450 “primitivum
1952 2371 2020 2432 in
2058 2367 2243 2432 ficu.”
2331 2368 2535 2450 Quod
2568 2371 2785 2432 homi-

552 2484 674 2528 nes
698 2463 1046 2547 Antiquae
1073 2464 1424 2528 Ecclesiae
1448 2466 1537 2529 ibi
1564 2485 1683 2546 per
1711 2471 1751 2498 ‘⁶
1770 2464 2090 2528 Israelem
2122 2466 2187 2527 in
2221 2465 2495 2528 deserto
2511 2465 2540 2491 ”
2564 2485 2644 2528 ac
2670 2485 2790 2546 per

557 2564 843 2640 “patres
879 2561 946 2622 in
986 2560 1178 2624 initio
1193 2559 1222 2584 ”
1247 2558 1740 2642 intelligantur,
1775 2571 1846 2623 et
1886 2579 2021 2623 non
2060 2559 2175 2623 filii
2208 2558 2469 2641 Jacobi,
2512 2570 2786 2625 constat

547 2654 728 2735 apud
766 2654 1019 2730 Mosen,

645 2787 770 2838 “De
804 2788 913 2836 vite
942 2787 1209 2837 Sodomae
1237 2787 1361 2838 vitis
1394 2801 1598 2844 eorum,
1621 2796 1679 2838 et
1711 2787 1777 2837 de
1804 2787 1948 2850 agris
1978 2787 2343 2846 Gomorrhae;
2377 2802 2515 2838 uvae
2550 2783 2786 2838 meorum

805 2867 943 2903 uvae
967 2853 1123 2913 sellie,
1147 2853 1290 2902 botri
1313 2853 1729 2902 amaritudinum
1754 2853 1859 2903 illis
1876 2853 1904 2872 ”
1926 2853 2132 2916 (Deutr.
2156 2854 2319 2904 xxxii.
2348 2855 2459 2916 32):

549 2984 656 3048 hic
715 2983 831 3047 filii
873 2983 1130 3066 jacobi,
1179 2983 1413 3067 quales
1470 2984 1738 3048 suerunt
1798 2984 1865 3048 in
1927 2984 2223 3060 deserto,
2274 2984 2785 3064 describuntur;

550 3080 732 3161 quod
768 3079 946 3160 apud
986 3078 1139 3142 illos
1176 3078 1410 3161 religio
1447 3079 1789 3142 infernalis
1824 3079 2042 3155 fuerit,
2078 3081 2233 3162 quia
2270 3081 2581 3162 gentium
2621 3081 2789 3144 deos

553 3185 623 3238 et
668 3173 851 3237 idola
895 3173 1270 3250 coluerunt,
1319 3173 1735 3256 significatur
1779 3193 1897 3254 per
1941 3173 2122 3255 quod
2173 3175 2385 3236 “vitis
2446 3172 2787 3237 Sodomae

549 3268 739 3332 suerit
770 3268 926 3330 vitis
958 3287 1212 3343 eorum,
1237 3278 1305 3331 et
1344 3268 1428 3331 de
1467 3270 1652 3350 agris
1691 3261 2109 3332 Gomorrhae
2134 3268 2187 3346 ;’'
2222 3269 2405 3351 quod
2444 3288 2565 3351 pro
2590 3268 2787 3331 bonis

550 3362 898 3426 charitatis
952 3360 1082 3425 illis
1140 3362 1383 3426 fuerint
1427 3363 1603 3438 odia,
1645 3383 1723 3426 ac
1770 3381 1893 3444 pro
1931 3365 2105 3425 veris
2152 3363 2319 3426 falsa
2362 3363 2519 3425 inde
2565 3382 2788 3426 erum·

551 3459 802 3538 pentia,
830 3455 1243 3538 significatur
1276 3476 1393 3537 per
1430 3458 1610 3539 quod
1644 3462 1871 3520 “uvae
1909 3477 2140 3520 eorum
2180 3478 2349 3520 uvae
2387 3457 2581 3534 selliS,
2608 3457 2788 3521 botri

549 3551 1068 3615 amaritudinum
1107 3550 1292 3613 illis.”
1381 3550 1588 3633 Apud
1625 3551 1885 3627 Mosen,

648 3683 894 3746 “Alligat
915 3683 984 3733 ad
1009 3683 1174 3733 vitem
1198 3682 1422 3733 asellum
1451 3697 1624 3743 suum,
1646 3694 1700 3734 et
1727 3684 1796 3734 ad
1821 3685 1986 3734 vitem
2016 3694 2377 3747 praestantem
2405 3684 2571 3734 filium
2602 3685 2787 3736 asinae

811 3763 956 3810 suae,
992 3749 1136 3798 lavat
1171 3749 1225 3798 in
1261 3750 1390 3798 vino
1425 3750 1808 3800 vestimentum
1854 3764 2028 3809 suum,
2064 3759 2117 3800 et
2164 3751 2217 3800 in
2258 3751 2523 3813 sanguine
2561 3764 2785 3801 uvarum

810 3813 1057 3864 velamen
1083 3813 1282 3864 suum”
1305 3815 1450 3876 (Gen.
1474 3814 1602 3864 xlix.
1630 3814 1741 3877 11):
1912 3823 1917 3828 “

550 3945 716 4008 haec
763 3944 830 4006 in
877 3943 1116 4007 ultimo
1161 3964 1474 4008 sermone
1521 3943 1791 4008 Israelis
1836 3945 2049 4026 patris
2095 3945 2180 4008 ad
2228 3943 2400 4008 filios
2437 3965 2633 4025 suos;
2679 3947 2787 4011 hic

551 4039 637 4102 ad
660 4038 1016 4121 Jehudam,
1041 4057 1160 4119 per
1195 4057 1394 4120 quem
1432 4040 1497 4102 in
1535 4059 1737 4102 sensu
1769 4057 2084 4120 supremo
2117 4038 2519 4120 intelligitur
2550 4039 2788 4103 Domi·

553 4151 678 4196 nus
713 4131 937 4214 quoad
976 4131 1334 4196 ecclesiam
1371 4132 1740 4196 caelestem
1785 4141 1857 4196 et
1904 4133 2126 4214 quoad
2166 4131 2512 4212 Verbum3
2559 4143 2631 4198 et
2668 4155 2789 4216 per

558 4231 599 4258 ‘⁴
621 4229 1021 4308 sanguinem
1060 4244 1338 4289 uvarum
1356 4225 1386 4251 ”
1423 4225 1841 4308 significatur
1878 4226 2196 4290 Divinum
2234 4227 2489 4291 Verum
2528 4249 2618 4291 ex
2666 4229 2788 4292 Di-

554 4321 711 4383 vino
750 4319 944 4383 Bono
982 4319 1219 4401 Ipsius»,
1254 4330 1324 4385 et
1361 4320 1428 4382 in
1467 4339 1668 4384 sensu
1704 4317 2083 4402 respectivo
2119 4321 2373 4385 bonum
2418 4322 2787 4386 charitatis,

556 4417 676 4472 (Sed
707 4417 827 4464 haec
857 4424 908 4464 et
939 4417 1136 4476 reliqua.
1167 4417 1220 4464 ln
1259 4417 1468 4464 Arcmn's
1498 4417 1792 4473 caelestibus,
1822 4431 1873 4466 n.
1905 4418 2195 4478 6375-6379.
2227 4419 2466 4478 explicata
2496 4419 2788 4479 videantur.)

558 4483 682 4547 Per
710 4485 1166 4566 “sanguinem
1203 4483 1541 4559 uvarum,’'
1571 4503 1803 4549 verum
1849 4505 1941 4548 ex
1978 4484 2161 4550 bono
2196 4484 2545 4566 spirituali,
2572 4487 2789 4552 simile

561 4579 740 4662 quod
797 4599 918 4662 per
979 4583 1019 4612 ‘⁴
1040 4577 1328 4655 vinum,”
1385 4577 1799 4662 significatur
1856 4580 2063 4645 etiam
2118 4579 2353 4646 Deutr.
2410 4582 2631 4646 xxxii.
2694 4597 2787 4662 14.
