3259 5384
613 654 780 736 2368
1233 669 1734 722 APoeALvPs1s
1780 670 2230 724 EmecATA.

607 836 934 916 decori8,'’
969 859 1138 922 quas
1177 839 1663 924 Hierosolyma
1700 842 1957 906 induet.
2044 842 2257 926 Apud
2294 841 2571 919 Joelm,

703 973 1016 1038 “Jehovah.
1037 989 1090 1024 .e
1126 973 1294 1024 Zione
1328 975 1516 1036 rugiet,
1552 987 1606 1025 et
1648 991 1715 1025 ex
1754 973 2139 1039 Hierosolyma
2170 976 2323 1026 dabit
2354 988 2542 1025 vocem
2578 989 2756 1033 suam,
2794 985 2854 1024 ut

864 1041 1284 1090 contremiscant
1305 1041 1440 1090 caeli
1465 1051 1518 1090 et
1547 1051 1691 1091 terra
1708 1059 1745 1090 ε.
1768 1079 1780 1091 .
1800 1079 1811 1091 .
1832 1052 1981 1092 .tunc
2004 1041 2346 1105 cognoscetis
2368 1041 2513 1105 qnod
2541 1039 2659 1104 Ego
2722 1041 2856 1090 eho-

865 1105 996 1155 vah.
1017 1142 1029 1154 .
1048 1105 1320 1155 ‚habitans
1361 1107 1416 1154 in
1453 1105 1637 1165 Sione,
1672 1117 1857 1156 monte
1892 1104 2196 1157 sandiitatis
2230 1121 2401 1166 mene,
2434 1107 2613 1170 sitque
2711 1105 2857 1154 iero-

863 1171 1077 1234 solyma
1109 1169 1404 1229 sanetius:
1453 1186 1552 1221 nec
1585 1172 1924 1236 alienigenae
1960 1171 2235 1222 transituri
2276 1185 2371 1235 per
2410 1185 2531 1221 eam
2566 1169 2807 1234 amplius
2824 1167 2857 1188 ”

867 1235 959 1298 (iv.
985 1231 1076 1302 [B.
1101 1237 1169 1286 A.
1189 1232 1287 1302 iii.]
1317 1237 1392 1296 16.
1417 1247 1492 1297 17,
1513 1237 1628 1300 21);

602 1359 782 1444 apud
817 1357 1053 1436 Amos,

701 1483 989 1550 “Jehovah
1012 1499 1043 1534 e
1065 1483 1235 1535 Zione
1259 1485 1448 1548 rugiet,
1473 1496 1527 1535 et
1550 1500 1616 1535 ex
1644 1483 2028 1550 Hierosolyma
2049 1485 2197 1536 dabit
2220 1499 2407 1536 vocem
2432 1498 2587 1535 suam
2604 1483 2635 1504 ”
2659 1483 2715 1548 (i.
2740 1483 2825 1546 2):

601 1653 723 1715 per
769 1633 1048 1716 “rugire
1065 1632 1096 1659 ”
1141 1643 1213 1698 et
1268 1653 1390 1716 per
1440 1635 1797 1716 “rugitum
1846 1632 2123 1710 leoniS,”
2166 1653 2321 1698 cum
2367 1633 2453 1697 de
2502 1631 2849 1716 Jehovah‚

601 1725 1024 1810 significatur
1067 1727 1313 1792 ardens
1361 1728 1546 1792 zelus
1582 1729 1858 1792 tutandi
1904 1728 2168 1792 caelum
2214 1738 2286 1792 et
2332 1727 2721 1802 ecclesiam,
2762 1745 2849 1790 ac

600 1821 912 1886 salvandi
963 1821 1118 1886 illos
1164 1824 1276 1906 qui
1328 1821 1419 1886 ibi
1472 1832 1656 1898 sunt,
1704 1823 1885 1905 quod
1938 1821 2015 1886 fit
2069 1822 2489 1886 destruendo
2542 1820 2724 1885 mala
2770 1831 2851 1885 et

599 1913 790 1988 falsa.
833 1911 1059 1999 ¹⁸¹quae
1097 1917 1457 1999 insurgunt
1495 1937 1586 1980 ex
1624 1915 1906 1992 inferne,
1947 1937 2067 2000 per
2104 1915 2425 1980 Divinum
2462 1913 2723 1978 Verum
2773 1925 2851 1979 et

598 2004 747 2087 ejus
771 2008 1160 2090 potentiam
1187 2023 1428 2082 (videatur
1446 2036 1607 2081 supra.
1629 2035 1679 2070 n.
1700 2007 1933 2082 601[a])
1958 2029 1975 2086 3
2013 2017 2085 2070 et
2117 2007 2277 2090 quia
2304 2027 2426 2089 per
2452 2011 2493 2040 ‘⁸
2510 2005 2797 2070 Sionem
2814 2005 2851 2030 '³

599 2101 1020 2185 significatur
1051 2102 1316 2167 caelum
1348 2103 1461 2167 ubi
1500 2101 1836 2166 Dominus
1873 2123 1993 2186 per
2026 2103 2348 2167 Divinum
2380 2101 2641 2165 Verum
2678 2120 2849 2183 reg-

598 2206 742 2272 nat,
769 2207 840 2262 et
871 2217 992 2279 per
1019 2203 1060 2229 ‘⁴
1082 2195 1640 2280 Hierosolymam
1658 2197 1689 2222 ’⁹
1715 2194 2023 2261 doetrina
2047 2197 2227 2272 inde,
2256 2206 2576 2259 constare
2602 2205 2849 2278 potest

597 2291 756 2372 quid
794 2289 1214 2373 significatur
1247 2311 1368 2373 per
1403 2291 1584 2375 quod
1623 2289 1994 2372 “Jehovah
2028 2311 2072 2354 e
2110 2289 2315 2354 Sione
2350 2290 2599 2370 rugiet,
2634 2298 2706 2353 et
2746 2309 2847 2352 ex

598 2385 1084 2466 Hierosolyma
1127 2385 1319 2450 dabit
1364 2404 1606 2448 vocem
1654 2404 1844 2448 suam
1870 2384 1924 2448 :’'
1976 2385 2157 2469 quod
2212 2382 2550 2448 Dominus
2602 2383 2695 2446 ibi
2750 2384 2847 2446 sit

599 2479 711 2542 ubi
757 2499 878 2561 per
923 2479 1244 2543 Divinum
1291 2499 1483 2542 suum
1525 2479 1783 2543 Verum
1821 2487 2090 2562 regnat,
2130 2489 2277 2543 tam
2322 2478 2505 2560 apud
2550 2476 2847 2559 angelos

601 2572 775 2636 caeli
818 2592 1021 2656 quam
1067 2574 1246 2655 apud
1285 2571 1597 2636 homines
1638 2573 1991 2648 ecclesiae,
2032 2571 2455 2654 significatur
2488 2591 2612 2653 per
2654 2572 2845 2653 quod

601 2673 641 2698 “
661 2663 1116 2749 Cognoscetis
1147 2667 1329 2750 quod
1363 2667 1521 2750 Ego
1549 2665 1859 2748 Jehovah
1892 2667 2213 2730 habitans
2244 2668 2313 2730 in
2344 2663 2573 2740 Sione,
2601 2673 2847 2728 monte

597 2757 986 2824 sanetitatis
1031 2780 1226 2824 meae
1249 2761 1304 2824 :³³
1363 2762 1544 2844 quod
1590 2761 1763 2825 falsa
1809 2761 1969 2824 mali
2015 2760 2203 2823 nulla
2253 2761 2367 2835 ibi,
2416 2757 2849 2841 significatur

600 2875 720 2936 per
755 2855 940 2937 quod
975 2854 1458 2938 “alienigenae
1491 2875 1628 2918 non
1662 2856 2013 2918 transituri
2046 2857 2185 2919 sint
2222 2875 2345 2938 per
2374 2873 2527 2918 eam
2552 2853 2607 2932 ;”
2654 2852 2845 2916 “ali—

596 2947 978 3030 enigenae”
1024 2959 1184 3012 sunt
1219 2949 1390 3012 falsa
1427 2949 1610 3012 mali.
1701 2949 1909 3032 Apud
1947 2947 2255 3025 Esaiam,

696 3088 1172 3220 “Dicemvindidtae
1195 3090 1452 3157 jehovae,
1480 3105 1658 3142 annus
1686 3091 2099 3142 retributionum
2128 3105 2226 3156 pro
2262 3091 2355 3140 lite
2382 3089 2565 3140 Zionis
2582 3088 2612 3110 ”
2638 3087 2844 3152 (xxxiv.

596 3313 716 3376 per
756 3291 995 3358 “diem
1033 3291 1377 3358 vindifitae
1411 3292 1776 3374 jehovae,'’
1813 3303 1887 3358 et
1932 3313 2053 3376 per
2092 3298 2405 3356 “annum
2440 3293 2843 3358 retributio-

598 3385 822 3463 num,”
859 3385 1280 3468 significatur
1317 3386 1630 3451 ultimum
1668 3385 2015 3468 judicium,
2053 3395 2127 3450 et
2172 3386 2529 3450 damnatio
2565 3385 2845 3450 illorum

597 3483 712 3564 qui
764 3502 889 3565 per
937 3480 1110 3545 salsa
1161 3489 1235 3544 et
1291 3480 1474 3544 mala
1527 3481 1925 3545 desolarunt
1978 3481 2209 3544 omnia
2262 3500 2425 3544 vera
2474 3479 2843 3556 eeclesiae,

603 3575 786 3657 quod
823 3583 934 3638 est
976 3578 1157 3657 “pro
1195 3573 1317 3638 lite
1353 3574 1645 3638 Zionis.”
1730 3574 1941 3658 Apud
1974 3573 2328 3650 Davidem,

695 3717 987 3782 “Jehovah
1023 3713 1130 3766 1²lin
1171 3715 1339 3768 Zione
1373 3731 1618 3780 magnus,
1648 3729 1703 3766 et
1736 3717 1875 3766 altus
1912 3715 2012 3767 llle
2040 3729 2203 3780 super
2229 3730 2420 3766 omnes
2448 3717 2678 3780 populos
2696 3731 2735 3777 ς.
2755 3753 2803 3768 ..
2822 3753 2837 3768 .

857 3783 1023 3832 robur
1043 3783 1212 3846 regis.
1233 3819 1246 3832 .
1265 3819 1277 3832 .
1298 3819 1312 3832 .
1334 3781 1364 3802 '⁹
1387 3782 1501 3843 (Pe.
1531 3783 1667 3832 xcix.
1694 3794 1741 3841 2,
1766 3783 1848 3843 4);

595 3923 686 3987 ibi
733 3921 896 3988 Sion
942 3932 1233 3988 vocatur
1279 3923 1544 3988 “robur
1592 3925 1774 4006 regis
1790 3923 1823 3949 '³
1866 3945 1959 3988 ex
2014 3923 2267 3988 Divino
2312 3923 2523 4000 Vero,
2570 3925 2681 3989 cui
2730 3935 2847 3992 est

595 4018 743 4100 ipsa
779 4018 1113 4102 potentia.
1207 4018 1416 4101 Apud
1452 4019 1769 4092 eundem,

691 4159 954 4226 Jehovah,
975 4163 1006 4184 ⁴⁸
1018 4161 1102 4210 Tu
1119 4177 1326 4224 surges,
1347 4171 1402 4211 et
1425 4163 1765 4212 misereberis
1784 4161 1980 4221 Sionis,
1998 4163 2125 4226 quia
2142 4163 2449 4226 tempushd
2472 4161 2845 4212 miserandum

855 4241 976 4276 eam
996 4241 1008 4285 3
1033 4241 1160 4276 nam
1180 4227 1327 4276 venit
1346 4238 1558 4289 tempus
1577 4235 1835 4276 statutum
1858 4244 1869 4276 :
1900 4227 2027 4290 quia
2041 4226 2352 4277 desiderant
2370 4228 2511 4277 servi
2534 4229 2611 4276 tui
2634 4229 2844 4290 lapides

855 4290 994 4354 ejus,
1017 4303 1072 4342 et
1099 4292 1374 4354 pulverem
1399 4292 1518 4354 ejus
1537 4291 1875 4352 miserantur,
1899 4302 1961 4369 ut
1986 4293 2211 4342 timeant
2236 4302 2431 4356 gentes
2454 4307 2657 4370 nomen
2680 4291 2843 4370 Jeho·

855 4365 1749 4486 5:1tzvizsssssszzzi‘1ssspsszzssa
1766 4357 2843 4485 iffffiaessfflanzz‘zssbaffi'ffissae

862 4501 1064 4536 nomen
1087 4486 1342 4551 jehovae,
1367 4497 1422 4536 et
1451 4489 1566 4536 laus
1593 4486 1771 4549 Ipsius
1800 4488 1853 4536 in
1880 4486 2137 4537 Hieroso!
2232 4502 2282 4546 a,
2306 4487 2522 4551 quando
2545 4501 2839 4552 congregn·

857 4553 1056 4602 buntur
1146 4552 1256 4614 puli
1275 4567 1398 4611 una,
1415 4562 1469 4601 et
1487 4566 1657 4614 regna
1673 4553 1741 4602 ad
1760 4553 2103 4602 serviendum
2120 4501 2361 4618 &evae
2374 4551 2405 4572 '⁹
2419 4551 2534 4614 (Pu.
2557 4552 2640 4603 cii.
2664 4564 2819 4614 14-17

857 4629 940 4677 22,
964 4628 1026 4678 23
1078 4617 1145 4667 B.
1163 4619 1233 4667 A.
1258 4617 1432 4678 13-16.
1459 4629 1538 4674 21,
1559 4613 1701 4682 22]):
