3259 5384
630 694 800 759 2226
1249 709 1753 762 APOCALYPsm
1797 709 2247 762 ExPchATA.

624 888 736 943 tur
757 879 1178 956 veritatem,”
1201 889 1274 945 et
1299 901 1419 964 per
1445 887 1486 914 ‘⁶
1503 882 1720 946 facere
1745 881 2077 964 justitiam
2093 881 2123 908 ”
2147 879 2566 964 significatur
2589 881 2657 945 ln
2682 881 2869 944 bono

625 992 774 1038 esse
807 973 1032 1057 quoad
1069 976 1302 1051 vitam,
1342 986 1412 1039 et
1458 995 1578 1058 per
1617 976 1858 1059 “loqui
1896 978 2258 1040 veritatem
2274 975 2305 1001 ''
2336 975 2759 1057 significatur
2802 974 2869 1036 in

626 1069 800 1132 veris
836 1089 987 1132 esse
1023 1070 1247 1152 quoad
1285 1067 1685 1134 doeh-inam.
1776 1069 1983 1152 Apud
2029 1071 2341 1146 eundem,

725 1211 1006 1262 “Manebo
1037 1213 1090 1262 in
1122 1214 1468 1264 tabernaculo
1496 1224 1590 1265 tuo
1627 1215 1682 1264 in
1711 1223 2005 1273 aeternum,
2031 1215 2295 1264 confidam
2326 1214 2381 1264 in
2410 1213 2631 1264 latibulo
2660 1213 2869 1263 alarum

889 1277 1134 1328 tuarum”
1158 1279 1269 1341 (Ps.
1294 1279 1382 1329 lxi.
1411 1291 1436 1340 5
1465 1277 1557 1344 [B.
1576 1282 1645 1329 A.
1668 1276 1780 1344 4]):

629 1415 961 1474 “manere
999 1413 1066 1474 in
1103 1412 1544 1477 tabernaculo
1589 1413 1655 1475 in
1694 1423 2048 1477 aeternum
2064 1413 2094 1438 ”
2125 1411 2465 1494 significat
2510 1413 2579 1476 in
2616 1411 2873 1476 Divino

629 1504 821 1568 Bono
857 1507 1105 1570 amoris
1141 1527 1330 1584 esse;
1388 1505 1787 1571 “confidere
1824 1509 1893 1570 in
1933 1507 2218 1571 latibulo
2253 1504 2514 1570 alarum
2550 1505 2871 1570 tuarum'’

625 1598 961 1681 significat
997 1601 1064 1663 in
1098 1600 1358 1664 Divinis
1390 1601 1602 1678 veris;
1657 1601 1861 1664 “alae
1877 1601 1908 1626 ’'
1940 1602 2120 1664 enim
2149 1601 2449 1682 Jehovae
2480 1599 2872 1684 significant

625 1715 786 1757 vera
821 1695 1207 1776 spiritualia.
1295 1694 1508 1777 Apud
1544 1694 1853 1772 Esaiam,

728 1831 758 1854 ⁴⁸
772 1829 1060 1879 Firmatus.
1081 1840 1186 1879 .est
1209 1843 1305 1892 per
1327 1829 1750 1880 misericordiam
1776 1831 2019 1890 thronus,
2044 1839 2099 1880 et
2123 1830 2263 1880 sedit
2284 1845 2447 1893 super
2469 1845 2535 1880 eo
2564 1831 2619 1880 in
2644 1831 2874 1880 veritate

885 1895 940 1944 in
965 1895 1308 1945 tabernaculo
1335 1895 1573 1954 Davidis,
1591 1895 1841 1958 J'udicans
1864 1906 1919 1945 et
1938 1911 2204 1959 quaerens
2228 1895 2502 1958 judicium,
2522 1904 2578 1945 et
2600 1897 2875 1947 festinans

886 1960 1146 2023 justitiam
1163 1960 1192 1980 ”
1215 1961 1342 2022 (xvi.
1369 1955 1506 2021 [¹15):

623 2094 793 2158 haec
831 2092 916 2157 de
963 2093 1300 2170 Domino;
1355 2092 1618 2156 caelum
1657 2093 1839 2175 quod
1877 2092 1964 2156 ab
2012 2093 2172 2174 Ipso
2209 2092 2586 2156 stabilitum
2624 2101 2757 2170 est,
2798 2103 2875 2158 et

625 2187 785 2251 inde
816 2185 1125 2262 ecclesia,
1155 2187 1569 2268 significatur
1599 2207 1721 2268 per
1749 2192 1789 2219 “
1808 2187 2127 2250 thronum
2144 2185 2175 2211 ’¹
2198 2188 2309 2269 qui
2341 2207 2459 2269 per
2489 2187 2873 2250 misericor·-

626 2281 809 2344 diam
857 2279 1158 2345 firmatus
1195 2291 1344 2344 est:
1393 2280 1574 2364 quod
1613 2281 1947 2344 Dominus
1984 2282 2073 2344 ibi
2112 2291 2353 2362 regnet
2387 2300 2507 2362 per
2548 2281 2874 2343 Divinum

626 2372 884 2438 Verum
929 2395 1020 2438 ex
1068 2374 1317 2439 Divino
1365 2375 1580 2451 Bono,
1620 2375 2041 2457 significatur
2086 2395 2206 2457 per
2246 2373 2497 2440 “Sedit
2542 2393 2743 2454 super
2788 2395 2877 2437 eo

625 2470 692 2533 in
720 2470 1008 2533 veritate
1041 2469 1108 2533 in
1139 2468 1583 2533 tabernaculo
1617 2469 1896 2533 Davidis
1920 2470 1973 2547 ;”
2011 2489 2127 2550 per
2157 2468 2547 2532 “Davidem
2564 2467 2593 2492 ”
2616 2467 2875 2531 intelli-

628 2565 813 2645 gitur
859 2564 1192 2627 Dominus
1236 2565 1460 2646 quoad
1507 2565 1789 2646 regium,
1838 2566 2021 2646 quod
2070 2574 2175 2628 est
2224 2564 2543 2626 Divinum
2578 2562 2872 2640 Verum,

625 2667 697 2721 et
734 2677 854 2739 per
893 2658 1463 2722 “tabernaculum
1481 2657 1512 2682 ”
1543 2657 1707 2739 ejuS,
1746 2655 2164 2738 significatur
2195 2657 2513 2720 Divinum
2554 2656 2873 2720 Bonum:

627 2770 751 2832 per
797 2749 1214 2831 “judicium’'
1261 2752 1679 2834 significatur
1721 2770 1954 2814 verum
2001 2749 2371 2827 doetrinae,
2412 2752 2568 2834 quia
2612 2771 2705 2814 ex
2750 2749 2877 2814 illo

627 2865 829 2909 omne
848 2846 1190 2926 judicium,
1217 2855 1288 2910 et
1320 2865 1438 2928 per
1467 2845 1847 2927 “justitiam
1862 2845 1892 2871 ”
1917 2847 2172 2908 bonum
2204 2845 2472 2920 amoriS,
2507 2855 2876 2929 utrumque

624 2939 712 3003 ab
757 2939 916 3096 {ipso
951 2940 1129 3023 apud
1167 2939 1322 3004 illos
1357 2941 1470 3023 qui
1505 2941 1575 3004 in
1611 2939 1807 3004 caelo
1842 2949 1914 3004 et
1952 2941 2020 3003 in
2058 2939 2347 3003 ecclesia
2388 2948 2569 3003 sunt.
2656 2939 2879 3022 Apud

627 3053 757 3098 eun
810 3053 940 3109 em,

729 3169 758 3191 ‘⁴
771 3165 965 3231 Spedta
977 3166 1216 3226 Zionem,
1228 3169 1413 3218 urbem
1427 3167 1550 3218 sesti
1564 3166 1692 3217 stati
1706 3168 1876 3217 nostri
1895 3181 1907 3225 ;
1933 3167 2072 3216 oculi
2089 3166 2166 3216 tui
2179 3167 2397 3216 videant
2413 3165 2879 3230 Hierosolymam.

889 3233 1249 3283 habitaculum
1269 3233 1630 3296 tranquillum,
1650 3233 2055 3282 tabernaculum
2070 3233 2213 3296 quod
2230 3247 2341 3281 non
2357 3231 2733 3295 dissipabitur:
2760 3247 2879 3282 non

887 3300 1309 3348 removebuntur
1331 3299 1468 3347 clavi
1496 3297 1615 3361 ejus
1652 3298 1707 3347 in
1744 3307 2074 3360 perpetuum,
2099 3308 2152 3347 et
2186 3311 2378 3348 omnes
2412 3297 2569 3347 funes
2602 3298 2725 3360 ejus
2760 3312 2879 3348 non

885 3364 1187 3413 avellentur
1201 3362 1229 3382 ”
1254 3364 1456 3425 (xxxiii.
1483 3363 1594 3426 20):

627 3516 744 3576 per
778 3495 1161 3559 “Zionem'‘
1193 3495 1300 3558 hic
1335 3515 1472 3559 non
1507 3494 1912 3577 intelligitur
1947 3493 2139 3569 Zion,
2175 3513 2301 3558 nec
2334 3514 2454 3576 per
2480 3494 2879 3560 “Hieroso-

627 3589 930 3671 lymam”
957 3588 1457 3671 Hierosolyma,
1481 3578 1602 3652 sed
1636 3589 1901 3652 caelum
1934 3599 2005 3652 et
2038 3589 2330 3652 ecclesia
2359 3589 2582 3672 quoad
2613 3589 2881 3654 bonum

626 3686 872 3748 amoris
917 3694 989 3748 et
1028 3704 1260 3748 verum
1305 3681 1656 3748 doetrinae
1681 3705 1696 3761 ;
1744 3683 1861 3747 illa
1911 3693 2069 3747 sunt
2113 3683 2633 3748 “habitaculum
2681 3694 2880 3748 tran·

625 3778 965 3861 quillum,”
1001 3789 1073 3843 et
1123 3777 1697 3843 “tabernaculum
1750 3777 1933 3860 quod
1993 3797 2131 3841 non
2183 3777 2692 3859 dissipabitur:'’
2752 3798 2883 3860 per

629 3872 965 3936 “clavos”
1001 3875 1112 3955 qui
1171 3892 1307 3937 non
1353 3871 1904 3946 removebuntur,
1954 3871 2370 3952 significatur
2413 3870 2707 3936 firmatio
2752 3892 2883 3954 per

627 3967 874 4030 Divina
912 3988 1108 4044 vera;
1165 3977 1236 4031 et
1269 3987 1388 4049 per
1423 3965 1715 4030 “funes‘’
1752 3967 1863 4047 qui
1902 3985 2037 4029 non
2085 3964 2486 4042 evellentur,
2528 3966 2879 4049 significa-

626 4072 737 4124 tur
773 4059 1156 4142 conjumffio
1193 4082 1313 4143 per
1346 4061 1665 4124 Divinum
1706 4060 1991 4124 Bonum.
2085 4061 2294 4141 Apud
2332 4060 2723 4137 Jeremiam,

729 4195 1198 4245 “Tabernaculum
1224 4208 1403 4245 meum
1433 4195 1769 4244 devastatum
1795 4204 1893 4253 est,
1918 4203 1972 4243 et
2000 4209 2191 4244 omnes
2218 4194 2377 4244 {unes
2404 4195 2511 4243 mei
2539 4195 2743 4252 evulsi;
2782 4196 2882 4246 filii

889 4261 995 4309 mei
1021 4260 1304 4310 exiverunt
1325 4276 1361 4310 a
1389 4259 1498 4319 Me,
1527 4269 1583 4310 et
1613 4274 1723 4309 non
1750 4260 1825 4308 illi
1850 4274 1862 4318 ;
1898 4275 2007 4308 non
2038 4261 2267 4309 tendens
2296 4261 2529 4322 amplius
2558 4263 2883 4310 tabernacu-

892 4327 1002 4374 lum
1027 4339 1222 4385 meum,
1248 4337 1302 4374 et
1325 4326 1540 4388 erigens
1563 4325 1801 4374 cortinas
1826 4339 1977 4374 meas
1994 4324 2023 4345 ”
2047 4325 2117 4386 (x.
2144 4325 2255 4386 2o):

629 4427 748 4540 per
771 4456 1340 4522 “tabernaculum
1355 4457 1385 4482 '’
1409 4457 1591 4540 quod
1621 4461 1663 4490 “
1681 4455 2177 4530 devastatum‚”
2200 4455 2616 4538 significatur
2648 4456 2879 4521 eccle-

627 4555 746 4630 sia,
787 4555 854 4617 in
892 4574 1024 4636 qua
1067 4573 1204 4616 non
1251 4553 1504 4616 bonum
1541 4553 1871 4634 amplius;
1920 4572 2039 4633 per
2074 4551 2323 4615 “funes
2338 4549 2367 4576 '³
2398 4553 2510 4634 qui
2552 4551 2828 4615 “evulsi
2846 4552 2881 4576 '’

628 4646 1047 4731 significatur
1079 4645 1464 4729 conjunfitio
1496 4648 1679 4731 quod
1712 4647 1935 4725 nulla3
1981 4666 2099 4728 per
2128 4646 2355 4710 “filios
2372 4645 2402 4670 '’
2426 4647 2539 4728 qui
2576 4646 2879 4710 “exive-
