3259 5384
951 671 1114 723 cAP.
1145 671 1334 735 xm„
1366 669 1578 722 VERS.
1618 667 1877 720 11.-—·-N.
1910 653 2153 737 817[e].
2510 667 2680 739 2297

320 879 326 882 -
435 847 662 903 tamen
697 846 1311 922 repraesentarent
1353 836 1747 912 ecclesiam,
1786 855 1961 918 quae
2006 835 2074 898 in
2118 833 2306 898 bono
2342 834 2677 917 spirituali

429 954 502 998 ac
533 933 852 1010 caelesti,
889 943 964 998 et
1001 933 1162 996 inde
1197 932 1266 996 in
1303 931 1482 996 veris
1519 941 1651 1006 est,
1691 929 2096 994 mandatum
2135 937 2243 994 est
2275 937 2350 994 ut
2380 929 2675 992 circum-

428 1027 842 1092 ciderentur.
927 1027 1046 1092 Ex
1083 1026 1189 1090 his
1227 1035 1553 1090 constare
1590 1032 1825 1108 potest
1862 1023 2047 1107 quod
2085 1021 2483 1111 religiosum
2507 1024 2677 1088 illud

427 1123 654 1198 hodie,
689 1123 879 1205 quod
915 1131 1194 1204 separat
1231 1119 1647 1185 charitatem
1678 1139 1721 1182 a
1750 1117 1905 1194 fide,
1936 1119 2003 1180 in
2042 1137 2249 1180 sensu
2274 1137 2673 1200 repraesen-

431 1216 654 1280 tativo
691 1216 783 1280 sit
825 1215 1272 1280 Philisthaea.

549 1309 674 1395 [6.]
740 1307 1104 1374 Hactenus
1138 1309 1224 1372 de
1258 1308 1737 1374 Philisthaeis:
1784 1325 1965 1370 nunc
2005 1307 2263 1389 aliquid
2295 1306 2562 1370 dicetur
2591 1307 2677 1370 de

437 1403 639 1468 hircis
685 1412 760 1469 et
803 1404 894 1468 de
945 1402 1212 1477 ovibus,
1259 1422 1462 1483 super
1506 1421 1681 1484 quos
1731 1401 1861 1464 erit
1896 1399 2251 1482 judicium,
2298 1400 2678 1463 secundum

435 1496 708 1562 Domini
759 1496 972 1561 verba
1027 1495 1214 1579 apud
1267 1495 1697 1558 Matthaeum
1758 1494 1939 1576 (cap.
2000 1515 2165 1556 xxv.
2226 1510 2298 1573 31
2361 1492 2452 1556 ad
2508 1492 2675 1575 fin.).

437 1589 834 1656 Communis
875 1591 1110 1672 opinio
1147 1599 1254 1654 est
1301 1587 1486 1671 quod
1522 1608 1645 1672 per
1685 1586 2019 1650 “hircos”
2064 1588 2154 1651 ibi
2197 1586 2679 1669 intelligantur
2790 1641 2799 1652 .
2902 1579 2909 1594 '

435 1705 669 1748 omnes
705 1683 912 1762 mali;
959 1694 1030 1746 et
1069 1682 1406 1746 hactenus
1442 1681 1762 1763 ignotum
1796 1681 1923 1746 suit
1960 1682 2146 1764 quod
2184 1703 2305 1764 per
2344 1680 2685 1758 “hircos’f

432 1777 1044 1858 ibi-intelligantur
1088 1776 1202 1860 qui
1245 1777 1314 1840 in
1359 1776 1493 1840 fide
1537 1786 1861 1858 separata
1904 1796 1947 1839 a
1989 1776 2331 1840 charitate
2374 1785 2559 1852 sunt,
2605 1785 2677 1838 et

432 1893 548 1954 per
576 1879 801 1936 “oves
819 1870 849 1895 ’¹
879 1870 980 1934 illi
1010 1872 1124 1953 qui
1159 1871 1228 1934 in
1259 1869 1392 1934 fide
1425 1891 1516 1934 ex
1549 1870 1895 1934 charitate
1918 1880 2099 1934 sunt.
2189 1870 2315 1934 Per
2344 1868 2677 1932 “hircos’'

429 1967 494 2028 in
527 1986 736 2030 sensu
781 1965 968 2028 bono
1011 1965 1501 2047 intelliguntur
1536 1965 1651 2047 qui
1696 1965 1764 2028 in
1802 1965 1989 2028 bono
2034 1964 2331 2028 naturali
2374 1972 2557 2038 sunt,
2604 1973 2677 2026 et

429 2060 583 2124 inde
607 2060 678 2124 in
701 2059 906 2134 veriS,
929 2079 1106 2141 quae
1127 2078 1290 2122 vera
1314 2068 1654 2122 vocantur
1678 2059 2117 2140 cognitiones
2139 2059 2280 2121 veri
2304 2067 2376 2120 et
2402 2058 2565 2121 boni
2585 2078 2677 2120 ex

431 2173 632 2216 sensu
673 2151 979 2216 naturali
1017 2149 1233 2215 Verbi
1257 2173 1274 2229 ;
1319 2151 1390 2214 hi
1433 2171 1554 2214 seu
1597 2151 1666 2214 id
1711 2151 1971 2216 bonum
2014 2161 2085 2215 et
2129 2151 2290 2214 inde
2332 2151 2403 2214 id
2438 2170 2675 2214 verum

433 2245 858 2327 significatur
893 2263 1014 2327 per
1054 2251 1093 2278 ‘⁴
1120 2243 1396 2308 hircos'’
1433 2247 1548 2328 qui
1591 2244 2195 2310 sacrificabantur:

525 2385 704 2450 (Quod
727 2383 989 2434 sacrificia
1006 2385 1168 2433 etiam
1189 2379 1334 2433 iacta
1355 2384 1464 2433 sint
1483 2399 1550 2433 ex
1569 2385 1747 2443 hircis,
1768 2393 1979 2433 constat
2002 2399 2069 2432 ex
2094 2382 2331 2440 Levitico,
2356 2396 2469 2445 cap.
2492 2383 2560 2432 iv,
2582 2394 2643 2442 23
2665 2397 2676 2440 ;

687 2465 803 2513 cap.
821 2449 891 2498 ix.
909 2462 1020 2508 2-4,
1037 2451 1198 2510 8-23;
1227 2464 1342 2512 cap.
1357 2450 1466 2500 xvi.
1483 2461 1645 2508 2-20;
1676 2463 1791 2512 cap.
1808 2450 1951 2498 xxiii.
1972 2450 2046 2507 18,
2070 2462 2159 2512 19:
2184 2449 2353 2499 Num.
2370 2463 2457 2498 xv.
2478 2459 2643 2510 22-29
2666 2463 2677 2506 ;

689 2521 805 2578 cap.
829 2514 1013 2564 xxviii.
1041 2526 1218 2576 11-15,
1248 2515 1306 2564 18
1332 2515 1400 2564 ad
1425 2514 1538 2573 fin.;
1571 2529 1688 2578 cap.
1714 2515 1878 2565 xxix.:
1916 2525 1969 2563 et
1993 2515 2116 2563 alibi
2136 2514 2170 2576 :)

431 2663 672 2710 omnes
713 2644 897 2707 enim
933 2645 1196 2708 bestiae
1233 2663 1324 2706 ex
1363 2644 1608 2726 quibus
1640 2643 1970 2707 sacrificia
2015 2643 2294 2720 fiebant,
2334 2643 2677 2725 significa-

426 2740 596 2804 bant
643 2739 817 2802 talia
845 2757 1023 2820 quae
1059 2747 1220 2800 sunt
1257 2737 1614 2813 ecclesiae,
1654 2757 1832 2820 quae
1875 2739 2107 2801 omnia
2143 2759 2217 2802 se
2252 2737 2556 2802 referunt
2590 2738 2679 2801 ad

426 2834 608 2896 bona
643 2841 720 2896 et
756 2852 920 2895 vera
949 2851 964 2894 t
1013 2831 1198 2895 bona
1232 2841 1304 2894 et
1340 2831 1500 2894 inde
1537 2851 1702 2894 vera
1739 2830 2092 2908 caelestia,
2132 2832 2198 2895 in
2237 2832 2479 2915 quibus
2515 2841 2679 2895 sunt

423 2926 658 3010 angeli
703 2925 775 2990 in
817 2925 1031 2988 tertio
1074 2925 1294 3001 cae10‚
1335 2923 1903 3006 significabantur
1939 2946 2061 3007 per
2094 2932 2374 3008 “agnos
2398 2924 2451 3003 ;”
2496 2925 2680 2988 bona

423 3031 659 3084 autem
697 3029 771 3083 et
807 3039 971 3084 vera
1015 3019 1421 3100 spiritualia,
1459 3019 1526 3082 in
1564 3019 1809 3101 quibus
1852 3029 2015 3082 sunt
2059 3019 2294 3101 angeli
2337 3019 2404 3082 in
2450 3019 2681 3082 medio

423 3114 644 3190 caele,
685 3111 1253 3194 significabantur
1283 3132 1406 3196 per
1439 3119 1479 3147 “
1502 3114 1755 3177 arietes
1785 3112 1839 3191 ;'’
1882 3134 1961 3177 ac
1999 3113 2183 3177 bona
2218 3122 2290 3177 et
2328 3113 2487 3176 inde
2518 3133 2683 3176 vera

423 3206 792 3283 naturalia,
825 3207 894 3270 in
925 3208 1171 3289 quibus
1207 3217 1369 3270 sunt
1401 3206 1636 3288 angeli
1673 3207 1787 3290 qui
1823 3208 1889 3270 in
1928 3207 2177 3271 ultimo
2212 3208 2432 3282 caele,
2467 3209 2679 3289 signi-

425 3301 814 3366 ficabantur
837 3321 960 3384 per
995 3299 1340 3364 “hircos.’'
1425 3300 1622 3364 Bona
1653 3311 1725 3364 et
1750 3321 1914 3365 vera
1947 3301 2279 3365 caelestia
2306 3312 2467 3364 sunt
2499 3302 2681 3382 apud

422 3395 584 3459 illos
615 3396 732 3478 qui
768 3395 836 3458 in
871 3414 1108 3458 amore
1144 3396 1211 3458 in
1251 3394 1628 3458 Dominum
1666 3406 1871 3475 sunt;
1916 3397 2103 3458 bona
2138 3405 2373 3458 autem
2410 3405 2481 3458 et
2517 3415 2685 3458 vera

425 3489 814 3572 spiritualia
866 3499 1028 3552 sunt
1079 3489 1260 3571 apud
1313 3488 1473 3552 illos
1517 3490 1631 3572 qui
1676 3489 1744 3554 in
1790 3481 2027 3554 amore
2072 3509 2239 3571 erga
2284 3489 2676 3572 proximum

422 3593 630 3661 sunt;
679 3603 758 3646 ac
803 3583 988 3646 bona
1031 3592 1102 3646 et
1139 3603 1304 3645 vera
1351 3582 1694 3646 naturalia
1725 3593 1888 3646 sunt
1934 3583 2115 3666 apud
2160 3583 2317 3647 illos
2353 3585 2465 3667 qui
2503 3583 2681 3648 bene

422 3675 671 3756 vivunt
723 3677 1100 3740 secundum
1135 3697 1300 3740 vera
1343 3698 1435 3741 ex
1480 3675 1844 3740 affectione
1904 3676 2220 3741 naturali.
2311 3677 2502 3741 Haec
2560 3697 2683 3760 per

422 3781 570 3839 tres
601 3770 762 3833 illas
793 3770 1052 3833 bestias
1083 3770 1561 3852 significantur
1590 3771 1658 3833 in
1690 3773 1895 3834 variis
1929 3770 2101 3834 locis
2130 3772 2200 3834 in
2233 3770 2473 3835 Verbo

705 3911 804 3973 (Ut
825 3913 968 3974 apud
990 3911 1322 3972 Ezechielem,
1347 3927 1462 3975 cap.
1485 3913 1651 3962 xxvii.
1678 3924 1736 3961 21
1762 3927 1777 3973 ;
1812 3922 1866 3961 et
1890 3913 1943 3961 ln
1972 3913 2159 3963 Deutr.
2184 3915 2344 3963 xxxii.
2376 3913 2470 3974 14).

423 4047 527 4111 At
573 4047 741 4130 quia
783 4046 1112 4129 pleraque
1155 4048 1223 4109 in
1264 4045 1502 4110 Verbo
1546 4049 1760 4110 etiam
1805 4049 2201 4131 oppositum
2238 4070 2515 4114 sensum
2560 4050 2685 4113 ha-

423 4141 624 4218 bent,
665 4141 762 4205 ita
805 4161 1078 4223 quoque
1119 4140 1409 4217 “hirci,''
1441 4141 1666 4224 quiin
1712 4163 1796 4206 eo
1840 4162 2047 4206 sensu
2092 4143 2483 4226 significant
2527 4143 2686 4208 illos

425 4236 538 4318 qui
583 4235 658 4298 in
703 4232 838 4297 fide
883 4244 1206 4316 separata
1247 4255 1288 4297 a
1332 4235 1678 4298 charitate
1725 4245 1908 4309 sunt,
1948 4257 2041 4299 ex
2084 4256 2294 4300 causa
2329 4238 2487 4320 quia
2522 4258 2687 4320 prae

426 4327 687 4392 ceteris
727 4326 964 4390 lascivi
999 4337 1181 4404 sunt,
1216 4337 1287 4391 et
1325 4327 1484 4411 quia
1519 4347 1642 4412 per
1677 4327 1836 4392 illos
1870 4331 1935 4392 in
1973 4331 2275 4411 genuino
2306 4351 2509 4394 sensu
2547 4332 2687 4413 sig-

424 4421 801 4486 nificantur
825 4423 937 4503 qui
967 4423 1033 4484 in
1060 4422 1247 4485 bono
1272 4431 1345 4485 et
1376 4422 1537 4485 inde
1562 4443 1728 4485 vero
1754 4423 2050 4486 naturali
2083 4435 2243 4488 sunt
2273 4443 2289 4502 ;
2333 4445 2412 4489 ac
2444 4443 2690 4489 omnes

424 4514 686 4602 illi-qui
743 4516 813 4580 in
864 4515 996 4579 fide
1051 4525 1377 4598 separata
1418 4537 1464 4579 a
1513 4516 1883 4580 charitate·
1918 4526 2063 4580 tam
2116 4517 2433 4583 doaeStrina
2480 4539 2687 4602 quam

425 4611 572 4694 vita
607 4618 800 4688 sunt,
833 4628 1019 4672 mere
1057 4609 1413 4674 naturales
1449 4619 1632 4674 sunt.
1721 4609 1926 4692 Quod
1965 4611 2064 4673 illi
2102 4632 2223 4695 per
2257 4611 2589 4676 “hircos”
2621 4613 2689 4675 in
