3259 5384
708 622 787 688 23
801 623 878 689 14
1324 619 1830 674 APOCALYPSIS
1874 620 2326 672 EXPLICATA.

713 789 1010 874 [potest]
1033 790 1265 856 videre
1289 792 1471 875 quod
1503 791 1744 856 falsum
1769 793 1878 857 sit.
1948 792 2258 875 Propone
2283 789 2556 874 aliquod
2582 789 2835 865 falsum,
2853 798 2917 854 et

708 888 813 950 dic
848 887 1030 969 quod
1068 887 1134 948 id
1167 906 1400 949 verum
1431 887 1542 961 sit,
1576 888 1732 971 quia
1763 887 1851 951 ab
1881 889 2360 968 antesignano,
2393 887 2506 968 qui
2542 885 2633 948 ab
2662 884 2916 949 asseclis

709 982 1004 1044 creditur
1046 978 1427 1044 illustratus
1482 989 1601 1044 aut
1655 982 2042 1062 inspiratus,
2091 977 2346 1044 dietum
2383 989 2560 1056 .est;
2621 988 2694 1042 et
2737 980 2915 1042 deme

710 1076 992 1138 rationis
1016 1093 1231 1148 usum,
1260 1082 1331 1138 et
1355 1076 1450 1137 sic
1475 1074 1706 1138 inhibe
1731 1095 1816 1138 ne
1842 1071 2230 1138 intellectus
2256 1073 2407 1137 luce
2431 1073 2660 1156 aliqua
2683 1073 2875 1136 intret
2898 1093 2912 1150 3

708 1170 969 1232 visurus
1012 1187 1087 1231 es
1136 1169 1365 1230 omnia
1409 1169 1585 1232 sicut
1621 1188 1806 1243 vera,
1848 1178 1920 1232 et
1958 1169 2508 1251 persuadeberis:
2557 1187 2758 1230 causa
2795 1175 2910 1240 est,

708 1263 861 1344 quia
897 1263 1111 1344 prima
1148 1263 1524 1343 propositio
1562 1263 1881 1338 creditur,
1915 1272 1989 1327 et
2032 1282 2171 1325 non
2217 1263 2506 1344 primum
2543 1260 2914 1344 exploratur

708 1374 866 1418 num
920 1354 1039 1418 illa
1083 1374 1319 1418 verum
1372 1357 1462 1418 sit
1509 1355 1619 1419 vel
1669 1355 1934 1419 falsum.
2023 1355 2125 1422 Ut
2159 1357 2424 1419 sciatur
2469 1357 2653 1439 quod
2696 1355 2912 1418 salsum

706 1469 919 1533 aeque
965 1447 1347 1512 confirmari
1392 1451 1609 1532 possit
1655 1451 1832 1514 sicut
1878 1469 2134 1525 verum,
2181 1451 2273 1513 sit
2328 1449 2461 1513 hoc
2525 1449 2911 1512 levissimum

708 1543 1139 1625 exemplum:
1198 1562 1501 1625 propone
1546 1543 1679 1607 hoc
1727 1543 2184 1618 ridiculosum,
2225 1544 2408 1626 quod
2455 1563 2698 1607 corvus
2737 1542 2912 1606 albus

708 1639 817 1712 sit,
863 1647 936 1700 et
989 1635 1316 1700 confirma
1368 1638 1434 1700 id
1489 1657 1608 1720 per
1655 1637 1848 1712 haec,
1897 1637 2079 1720 quod
2133 1658 2376 1701 corvus
2431 1657 2568 1700 non
2622 1647 2914 1700 nascatur

709 1752 980 1815 prorsus
1026 1733 1237 1812 niger,
1286 1731 1467 1814 quod
1513 1731 1674 1794 dum
1729 1733 2025 1795 senescit
2070 1731 2399 1806 albescat,
2448 1732 2629 1814 quod
2675 1749 2914 1812 pennae

710 1826 850 1907 ejus
871 1826 1150 1890 interius
1182 1824 1377 1888 albae
1410 1827 1567 1901 sint,
1596 1836 1668 1889 et
1694 1846 1960 1909 quoque
1985 1827 2183 1901 cutiS‚
2217 1835 2290 1889 et
2315 1826 2496 1909 quod
2529 1827 2622 1888 sic
2655 1823 2914 1906 nigredo

710 1923 799 1984 sit
845 1921 1052 1984 modo
1097 1920 1336 1982 umbra
1378 1919 1552 1982 albis
1590 1917 2123 1984 circumindeta
2145 1940 2161 1998 ;
2208 1930 2279 1983 et
2317 1921 2719 1982 ratiocinare
2753 1915 2917 1998 quod

714 2015 925 2079 homo
983 2014 1255 2097 quidem
1316 2013 1689 2076 secundum
1746 2012 2096 2097 aspectum
2158 2015 2375 2098 possit
2435 2013 2640 2097 loqui,
2695 2029 2918 2093 nempe

712 2110 936 2172 dicere
972 2108 1151 2189 quod
1184 2109 1275 2170 sit
1314 2109 1526 2188 niger,
1561 2108 1682 2171 sed
1715 2129 1924 2192 usque
1956 2130 2047 2173 ex
2079 2105 2435 2172 intellectu
2466 2109 2714 2171 debeat
2743 2107 2917 2186 cogi-

712 2214 879 2278 tare,
929 2203 1085 2286 quia
1142 2201 1352 2265 homo
1408 2212 1538 2277 est,
1585 2204 1768 2284 quod
1806 2203 2000 2266 albus
2047 2205 2156 2279 sit,
2205 2205 2360 2294 quia
2412 2203 2693 2267 interius
2741 2199 2917 2263 albus

713 2304 859 2372 est;
913 2295 1089 2357 sicut
1133 2294 1293 2356 iicet
1332 2294 1417 2357 de
1461 2292 1624 2357 solis
1669 2296 2148 2376 progressione
2185 2295 2440 2357 circum
2484 2292 2794 2356 tellurem
2833 2310 2918 2353 ex

712 2385 995 2468 aspectu
1045 2387 1253 2469 loqui,
1307 2397 1381 2450 ut
1429 2407 1699 2470 quoque
1750 2388 1999 2451 dicitur
2043 2389 2112 2450 in
2156 2387 2418 2461 Verbo,
2464 2386 2648 2469 quod
2690 2403 2917 2466 nempe

712 2483 970 2545 oriatur
998 2489 1071 2544 et
1108 2480 1404 2555 occidat,
1438 2481 1559 2543 sed
1591 2501 1802 2564 usque
1833 2482 2086 2545 debeat
2121 2503 2214 2545 ex
2243 2479 2604 2545 intellectu
2633 2479 2918 2561 cogitare

710 2577 894 2660 quod
932 2574 1142 2639 tellus
1175 2595 1249 2637 se
1292 2575 1811 2651 circumvolvat,
1844 2583 1916 2639 et
1952 2575 2159 2639 faciat
2195 2574 2386 2639 illam
2421 2575 2915 2657 apparentiam;

710 2671 888 2733 adde
918 2667 1278 2733 ratiocinia
1314 2689 1405 2732 ex
1442 2666 1808 2744 coloribus,
1841 2670 2026 2752 quod
2062 2689 2304 2732 omnes
2339 2668 2479 2732 albi
2515 2670 2653 2732 sint
2681 2687 2766 2730 ex
2793 2665 2918 2728 ori-

711 2765 894 2844 gine,
930 2763 1087 2845 quia
1120 2773 1281 2829 sunt
1313 2783 1402 2825 ex
1440 2761 1593 2825 luce
1623 2763 1845 2842 caeli;
1891 2773 1961 2826 et
1994 2784 2084 2826 ex
2116 2782 2222 2838 eo,
2255 2763 2440 2846 quod
2471 2762 2692 2824 omnis
2720 2759 2915 2832 color,

710 2857 871 2920 dum
918 2855 1358 2918 commolitur
1400 2857 1467 2918 in
1520 2856 1895 2937 pulverem,
1942 2857 2153 2918 etiam
2197 2855 2607 2936 crystallum
2651 2857 2916 2936 nigrum,

710 2950 909 3012 albus
951 2951 1064 3025 sit,
1108 2949 1194 3011 de
1240 2969 1373 3031 qua
1416 2968 1488 3011 re
1533 2950 1672 3011 cita
1715 2947 2030 3013 auctores
2074 2950 2340 3031 optices
2364 2968 2382 3027 ;
2439 2950 2711 3032 insuper
2751 2947 2920 3010 aufer

644 3037 649 3044 ⁴
709 3043 995 3106 rationis
1038 3062 1255 3116 usum,
1303 3051 1375 3105 et
1419 3042 1527 3105 dic
1573 3043 1757 3125 quod
1800 3043 1901 3106 vir
1942 3041 2376 3107 auctoritatis
2419 3053 2492 3108 et
2543 3042 2919 3106 eruditionis

710 3137 840 3200 hoc
870 3137 1140 3213 viderit,
1181 3146 1253 3198 et
1290 3135 1422 3217 fige
1460 3146 1767 3200 mentem
1804 3138 1872 3201 in
1907 3135 2542 3201 confirmationibus
2574 3146 2647 3201 et
2690 3156 2819 3200 non
2857 3136 2916 3198 in

711 3232 927 3314 prima
969 3231 1466 3314 propositione,
1506 3229 1686 3293 forte
1723 3231 1849 3293 erit
1886 3231 2000 3313 qui
2036 3230 2598 3313 persuadebitur:
2643 3231 2762 3294 sed
2801 3230 2916 3293 hoc

708 3325 1151 3388 ridiculosum
1195 3324 1466 3399 dicitur,
1500 3325 1657 3407 quia
1699 3323 1961 3387 fatuum
2005 3333 2114 3388 est
2157 3343 2356 3387 avem
2401 3345 2494 3388 ex
2537 3324 2674 3388 alio
2707 3324 2918 3388 colore

710 3433 915 3497 quam
959 3435 1049 3477 ex
1087 3433 1233 3489 su0,
1272 3415 1337 3477 in
1376 3433 1511 3496 quo
1555 3423 1870 3496 apparet,
1901 3413 2226 3494 judicare,
2264 3415 2360 3476 sic
2399 3415 2583 3476 enim
2614 3415 2832 3478 omnia
2858 3415 2917 3475 in

712 3508 971 3571 mundo
1005 3508 1397 3570 dicerentur
1432 3506 1612 3570 alba.
1698 3505 1934 3570 Simile
1972 3516 2078 3570 est
2113 3526 2266 3570 cum
2303 3506 2493 3570 falsis
2539 3507 2914 3576 haeresium.

710 3611 784 3664 ut
836 3620 990 3664 curn
1043 3602 1349 3663 maxima
1400 3599 1540 3675 illa,
1586 3620 1762 3683 quae
1812 3599 1936 3664 fuit
1987 3601 2054 3663 in
2107 3599 2387 3676 Babele,
2441 3601 2528 3664 de
2579 3622 2711 3684 qua
2757 3599 2917 3684 apud

697 3694 1079 3771 Danielem,
1106 3695 1289 3778 quod
1321 3715 1446 3757 rex
1478 3695 1569 3757 ibi
1598 3692 1930 3758 indictum
1963 3695 2206 3768 ederit,
2231 3703 2306 3757 ut
2337 3715 2462 3777 pro
2496 3694 2650 3759 Deo
2679 3696 2914 3760 colere-

711 3799 859 3867 tur;
899 3798 973 3853 ut
998 3808 1268 3871 quoque
1300 3796 1408 3851 est
1440 3807 1593 3850 cum
1623 3789 1999 3852 ratiociniis
2031 3789 2325 3862 illorum,
2358 3808 2534 3872 quae
2565 3811 2656 3852 ex
2678 3789 2916 3854 inferno

710 3892 895 3957 sunt,
927 3881 1114 3963 quod
1145 3882 1376 3945 omnia
1412 3879 1723 3945 Naturae
1757 3882 1917 3956 sint,
1951 3883 2162 3945 immo
2191 3883 2376 3964 quod
2414 3882 2686 3947 Natura
2719 3888 2918 3946 semet

712 3977 1070 4050 creaverit,
1110 3984 1181 4038 et
1220 3994 1358 4038 non
1398 3975 1585 4038 Deus
1623 3976 1855 4054 illam;
1900 3985 1972 4039 et
2009 3975 2063 4038 si
2099 3978 2313 4039 ausim
2348 3977 2600 4052 dicere,
2631 3980 2725 4041 ita
2764 3994 2914 4058 quo-

712 4089 843 4150 que
876 4079 983 4131 est
1014 4088 1169 4131 cum
1201 4066 1333 4131 fide
1357 4067 1774 4149 justificante
1809 4069 2068 4152 absque
2106 4067 2360 4133 actuali
2387 4070 2574 4135 vitae
2609 4087 2915 4152 coopera-

710 4163 921 4226 tione.
1006 4161 1208 4225 Talia
1258 4162 1742 4244 intelliguntur
1784 4163 1893 4227 hic
1945 4184 2065 4245 per
2104 4165 2363 4246 “signa
2406 4163 2719 4248 magna,'’
2758 4180 2913 4245 quae

711 4255 872 4320 fecit
903 4257 1129 4319 bestia
1153 4277 1190 4319 e
1217 4267 1399 4320 terra
1429 4257 1836 4330 ascendenS‚
1863 4267 1934 4320 et
1958 4277 2131 4340 quae
2155 4256 2316 4321 fecit
2341 4267 2414 4320 ut
2445 4259 2624 4340 ignis
2645 4258 2910 4320 descen-

713 4351 892 4412 derit
923 4370 962 4412 e
998 4349 1196 4413 caelo
1231 4351 1299 4412 in
1334 4359 1586 4414 terram
1623 4370 1855 4414 coram
1887 4351 2302 4426 hominibus,
2334 4361 2406 4414 et
2436 4352 2713 4415 seduxit
2741 4347 2914 4412 habi-

711 4453 947 4506 tantes
978 4463 1179 4525 super
1209 4454 1416 4514 terra.
1442 4453 1725 4526 propter
1749 4446 1946 4526 signa
1970 4464 2144 4526 quae
2176 4445 2341 4508 data
2369 4445 2431 4508 ei
2461 4444 2684 4509 facere
2705 4457 2911 4508 coram

711 4536 956 4612 bestia,
991 4546 1064 4599 ut
1098 4539 1166 4600 in
1196 4537 1327 4600 hoc
1360 4557 1563 4601 versu
1590 4548 1663 4601 et
1694 4538 1762 4600 in
1793 4548 2125 4621 sequente
2158 4539 2428 4602 dicitur.
