3259 5384
883 667 1040 718 CAP.
1075 667 1233 732 x11.,
1267 669 1474 721 vans.
1507 656 1731 721 6.—N.
1764 656 2034 742 730[a'].
2406 677 2569 743 2041

346 855 510 918 quae
553 834 884 900 naturalis
934 835 1231 902 hominis
1282 847 1442 903 sunt
1496 848 1569 904 et
1622 849 1961 917 amantur,
2012 861 2259 926 nempe
2317 843 2576 926 cupidi-

345 939 523 994 tates
567 939 640 994 et
685 931 845 994 inde
887 931 1267 1012 falsitates;
1327 935 1510 1016 quod
1555 933 1716 998 illae
1766 936 2225 1000 removendae
2271 939 2408 1002 sint
2454 957 2576 1020 per

345 1025 788 1102 tentationes,
815 1024 1236 1108 significatur
1266 1047 1386 1109 ρει·
1411 1031 1450 1060 “
1471 1027 1825 1092 Deducam
1850 1026 2025 1092 ¹¹¹vos
2049 1032 2119 1093 in
2144 1031 2493 1096 desertum
2518 1030 2575 1110 ;'’

344 1118 516 1200 quod
549 1119 710 1184 dein
735 1119 1162 1196 consolandi,
1187 1119 1611 1202 significatur
1636 1141 1757 1205 per
1783 1129 1823 1155 ⁴⁸
1841 1134 2085 1206 postea
2111 1123 2349 1208 loquar
2375 1147 2578 1210 super

343 1231 454 1275 cor
503 1213 646 1294 ejus
668 1213 725 1292 ;”
783 1213 968 1296 quod
1021 1214 1156 1279 illis
1207 1226 1373 1280 tunc
1432 1236 1596 1281 vera
1649 1217 2024 1300 spiritualia
2084 1229 2155 1283 et
2215 1220 2575 1297 naturalia,

343 1305 754 1388 significatur
811 1328 932 1391 per
986 1308 1248 1373 “Dabo
1305 1308 1401 1373 illi
1459 1311 1699 1374 vineas
1752 1311 1894 1392 ejus
1952 1312 2133 1388 inde,
2193 1323 2266 1379 et
2322 1314 2577 1379 vallem

343 1399 712 1466 Achoris:”
778 1401 960 1485 quod
1027 1414 1270 1486 postea
1334 1403 1628 1468 influxus
1693 1405 1855 1470 boni
1920 1427 1959 1470 e
2026 1406 2223 1472 caelo
2282 1417 2353 1473 et
2420 1409 2579 1475 inde

340 1495 652 1576 gaudium
701 1497 832 1560 erit
876 1498 1051 1561 sieut
1096 1499 1278 1580 apud
1335 1497 1492 1562 illos
1535 1499 1650 1581 qui
1708 1519 1798 1564 ex
1858 1499 2190 1565 Ecclesiis
2250 1501 2576 1586 Antiquis

339 1589 620 1665 suerunt,
661 1603 736 1655 et
775 1612 814 1656 e
849 1591 1270 1656 naturalibus
1307 1589 1466 1656 fasti
1503 1603 1665 1657 sunt
1702 1595 2111 1676 spirituales,
2152 1595 2579 1679 significatur

339 1703 454 1766 per
509 1685 696 1767 quod
760 1687 1260 1768 “respondebit
1277 1686 1309 1711 ”
1368 1707 1488 1750 seu
1545 1689 1859 1752 cantabit
1920 1687 2117 1754 “illie
2170 1689 2375 1771 juxta
2430 1692 2577 1756 dies

339 1777 848 1843 adolescentiae
905 1799 1090 1853 suae.
1139 1790 1210 1844 et
1257 1779 1462 1861 juxta
1507 1781 1655 1846 dies
1698 1782 2071 1847 ascendere
2116 1783 2257 1864 ejus
2303 1805 2342 1848 e
2388 1795 2573 1850 terra

339 1869 640 1956 Aegypti
666 1873 736 1952 ;''-
763 1874 966 1938 “dies
997 1875 1513 1940 adolescentiae
1527 1875 1558 1901 '⁸
1588 1875 1981 1958 significant
2018 1889 2331 1960 tempora
2364 1879 2577 1944 Anti·
2638 1867 2649 1874 ’

338 1985 500 2048 quae
537 1967 944 2047 Ecclesiae3
997 1969 1250 2052 “juxta
1286 1971 1432 2034 dies
1468 1971 1841 2036 ascendere
1884 1971 2025 2052 ejus
2062 1991 2153 2035 ex
2192 1971 2531 2056 Aegypto
2546 1973 2579 2000 ’⁹

339 2059 671 2142 significat
696 2083 854 2126 cum
886 2083 925 2127 e
957 2064 1378 2129 naturalibus
1409 2063 1568 2129 faeti
1599 2075 1759 2130 sunt
1782 2067 2207 2148 spirituales:
2248 2067 2576 2148 conjunc-

342 2157 433 2219 tio
469 2166 632 2221 tunc
682 2177 842 2222 cum
881 2157 1182 2223 Domino
1228 2178 1347 2242 per
1383 2157 1775 2224 affee'tiones
1810 2162 1973 2236 veri,
2014 2157 2277 2242 reje6tis
2314 2163 2577 2246 cupidi-

339 2251 588 2315 tatibus
646 2273 687 2316 e
749 2253 1043 2316 naturali
1103 2254 1402 2330 homine,
1450 2253 1873 2337 significatur
1932 2275 2053 2338 per
2102 2255 2239 2318 “In
2295 2257 2405 2320 die
2457 2257 2578 2321 illo

341 2347 612 2410 vocabis
659 2347 802 2422 Me,
845 2347 1092 2412 Marite
1139 2350 1250 2423 mi,
1291 2358 1364 2413 et
1395 2369 1535 2412 non
1570 2349 1852 2413 vocabis
1888 2349 2178 2432 amplius
2228 2349 2365 2426 Me,
2408 2349 2577 2414 Baal

344 2439 482 2504 mi.”
569 2441 922 2524 Quoniam
951 2443 1356 2506 “desertum
1373 2443 1406 2468 ’⁹
1429 2443 1770 2524 significat
1798 2453 2057 2508 statum
2082 2444 2573 2520 tentationum,

341 2543 406 2598 et
438 2537 1002 2619 “quadraginta”
1031 2537 1175 2602 sive
1212 2538 1373 2601 anni
1411 2539 1552 2601 sive
1585 2537 1731 2602 dies
1761 2538 2103 2620 integram
2142 2537 2575 2601 durationem

337 2647 374 2692 a
407 2629 738 2714 principio
785 2632 872 2694 ad
918 2631 1145 2707 finem,
1185 2632 1344 2695 ideo
1379 2633 1807 2698 tentationes
1856 2631 2153 2706 Domini,
2194 2651 2363 2715 quas
2412 2651 2577 2713 prae

335 2724 596 2807 reliquis
623 2727 1150 2789 immanissimas
1175 2747 1214 2789 a
1245 2727 1532 2808 pueritia
1556 2747 1767 2808 usque
1791 2726 1880 2789 ad
1910 2727 2301 2808 passionem
2325 2727 2573 2803 cruci3‚

335 2821 668 2895 sustinuit,
727 2819 1207 2903 intelliguntur
1265 2840 1386 2903 per
1439 2821 1867 2884 tentationes
1918 2821 2372 2904 quadraginta
2425 2819 2571 2884 die-

335 2931 472 2976 rum
507 2914 576 2978 in
617 2915 922 2990 deserto,
963 2915 1051 2978 de
1089 2915 1331 2998 quibus
1368 2915 1465 2978 ita
1501 2915 1682 2998 apud
1718 2913 2227 2996 Evangelistas,

427 3047 630 3114 “Jesus
666 3045 934 3126 ded-uetus
968 3059 1050 3098 eat
1084 3049 1149 3127 in‘
1175 3049 1447 3098 desertum
1481 3063 1516 3127 ⁸.
1549 3048 1756 3112 spiritu.
1784 3057 1845 3098 ut
1873 3057 2171 3098 tentaretur
2196 3063 2233 3126 ⁸.
2258 3047 2492 3108 diabolo,
2522 3057 2580 3099 et

584 3111 2580 3243 fflsss’ffitzzzgzffawtffxmzassssisszfzfffflffifflfzss

423 3311 454 3334 ⁰·
467 3246 751 3376 Spiris-1:2¹3
765 3307 950 3374 Jesum
968 3309 1294 3373 “impellens
1309 3309 1436 3360 fecit
1454 3309 1600 3359 exire
1618 3310 1675 3359 in
1694 3311 1967 3360 desertum
1987 3323 1999 3368 ς
2027 3318 2083 3359 et
2102 3320 2239 3360 erat.
2260 3311 2341 3360 ‚in
2358 3310 2577 3360 deserto

588 3377 718 3426 dies
741 3374 1112 3439 quadraginta,
1137 3383 1398 3427 tentatus.
1418 3412 1457 3437 .,
1479 3384 1535 3426 et
1556 3385 1675 3426 etat
1692 3389 1818 3426 cum
1842 3373 2072 3426 bestiis”
2094 3373 2284 3438 (Man.
2308 3376 2341 3425 i.
2363 3386 2440 3436 12,
2465 3374 2575 3437 13):

333 3535 445 3596 per
479 3514 660 3580 haec
699 3534 838 3577 non
869 3513 1278 3597 intelligitur
1308 3514 1491 3598 quod
1521 3515 1860 3578 Dominus
1892 3513 2325 3577 solummodo
2358 3513 2575 3596 quad-

331 3611 598 3693 raginta
645 3611 911 3686 diebu3‚
954 3619 1026 3674 et
1071 3610 1139 3673 in
1183 3608 1317 3674 fine
1363 3629 1618 3686 eorum,
1666 3629 1709 3674 a
1754 3608 2031 3673 diabolo
2077 3617 2390 3672 tentatus
2436 3609 2570 3687 sit3

333 3705 450 3767 sed
505 3705 700 3788 quod
766 3724 886 3787 per
943 3723 1220 3768 omnem
1279 3723 1472 3767 suam
1530 3704 1747 3768 vitam
1807 3723 2019 3787 usque
2084 3702 2171 3766 ad
2238 3702 2574 3780 ultimam,

331 3801 601 3882 quando
655 3799 796 3881 Ipsi
841 3799 909 3863 in
956 3797 1423 3864 Gethsemane
1468 3798 1788 3862 anxietas
1834 3799 2060 3862 cordis
2102 3798 2443 3874 immanis»,
2493 3817 2574 3862 ac

331 3906 574 3975 postea
619 3894 856 3978 passio
901 3895 1119 3959 crucis
1164 3895 1308 3957 dira
1351 3893 1474 3957 fuit
1509 3913 1526 3971 ;
1587 3911 1749 3956 nam
1794 3892 2133 3957 Dominus
2176 3912 2298 3976 per
2342 3901 2576 3957 tenta-

331 3990 552 4056 tiones
611 3992 690 4054 in
747 3987 1140 4062 humanum,
1190 3987 1373 4071 quod
1429 3985 1567 4069 Ipsi
1610 3985 1737 4050 suit
1790 4007 1881 4050 ex
1928 3996 2170 4063 matre,
2218 3986 2573 4062 admissaS,

333 4083 726 4166 subjugavit
769 4084 1000 4146 omnia
1041 4082 1320 4158 inferna,
1359 4091 1432 4146 et
1476 4080 1677 4144 simul
1722 4079 2132 4164 glorificavit
2180 4079 2575 4145 Humanum

331 4195 522 4239 suum
547 4196 564 4241 :
631 4191 746 4252 (sed
774 4193 838 4237 de
863 4191 938 4237 his
967 4191 1166 4237 Domini
1191 4190 1536 4236 tentationibus
1563 4190 1817 4236 videantur
1835 4201 1963 4248 quae
1989 4189 2041 4236 in
2067 4189 2279 4236 Arcano
2300 4188 2579 4236 caelestibus

329 4273 500 4331 scripu
524 4279 662 4326 sunt,
684 4283 813 4329 quae
839 4269 890 4316 in
910 4283 1062 4316 unum
1085 4269 1291 4316 colleo'ta
1308 4277 1422 4317 sunt
1447 4269 1498 4316 in
1526 4270 1768 4316 Doctrina
1788 4271 1954 4316 Novae
1974 4269 2341 4328 Hierosolyma«,
2362 4281 2411 4315 n.
2434 4267 2577 4329 2010

331 4357 568 4402 omnes
613 4337 780 4402 iliae
817 4339 1244 4402 tentationes
1293 4335 1570 4400 Domini
1615 4333 2088 4418 significantur
2122 4354 2242 4417 per
2280 4338 2324 4368 ⁴‘
2343 4342 2576 4399 tenta-

331 4435 552 4498 tiones
589 4433 662 4496 in
700 4433 978 4496 deserto
1007 4431 1462 4514 quadraginta
1493 4429 1731 4494 diebus
1762 4439 1836 4495 et
1864 4429 2325 4513 quadraginta
2355 4425 2577 4492 noeti-

331 4527 510 4604 bus,”
541 4529 873 4612 quoniam
909 4525 1313 4591 “desertum
1329 4525 1362 4552 ’⁹
1399 4523 1739 4608 significat
1778 4534 2039 4589 statum
2077 4525 2573 4602 tentationum,

331 4633 402 4688 et
425 4629 468 4658 ‘⁸
483 4623 951 4708 quadraginta
975 4621 1120 4686 dies
1151 4630 1224 4685 et
1251 4615 1491 4684 ιιοᾶεε
1507 4619 1539 4645 ”
1563 4638 1842 4684 omnem
1866 4637 2096 4683 earum
2122 4619 2573 4684 durationem.
