3259 5384
923 669 1084 720 CAP.
1117 669 1301 732 xm„
1335 669 1544 720 VERS.
1589 655 1840 720 16.—N.
1874 657 2016 737 839.
2422 665 2463 718 2
2469 670 2581 734 341

461 840 522 892 ln
543 841 858 908 Apocalypsi,
876 855 990 906 cap.
1011 842 1120 894 xiv.
1143 857 1192 906 9,
1210 854 1272 892 11
1291 855 1305 902 ;
1349 856 1462 906 cap.
1487 855 1574 892 xv.
1598 853 1663 900 ας
1708 855 1823 905 cap.
1846 840 1952 891 va
1970 852 2033 898 a:
2078 855 2191 904 cap.
2210 839 2316 890 xix.
2335 851 2433 900 ως
2474 855 2589 905 cap.

613 923 702 958 xx.
718 921 766 968 4.

371 1053 590 1120 Simile
629 1055 810 1138 quod
847 1075 966 1138 per
1005 1052 1582 1132 “characterem,”
1617 1055 1824 1119 etiam
1864 1053 2264 1136 intelligitur
2299 1073 2420 1138 per

458 1191 486 1212 ‘⁸
495 1189 716 1252 Signum
733 1188 762 1208 ’⁹
785 1205 818 1239 a
839 1189 1083 1254 Jehovah
1107 1191 1340 1254 positum
1367 1205 1527 1252 super
1548 1189 1723 1239 Caino
1745 1186 1890 1249 (Gen.
1918 1189 1985 1238 iv.
2015 1189 2123 1250 15):

455 1253 590 1304 Tum
615 1269 710 1318 per
729 1254 1034 1317 “signum'’
1049 1256 1190 1318 quod
1217 1256 1477 1318 propheta
1497 1255 1679 1317 jussus
1704 1255 1918 1318 signare
1942 1268 2103 1318 super
2125 1254 2330 1306 frontes
2350 1254 2585 1306 virorum

611 1319 667 1369 in
691 1321 822 1370 urbe
848 1319 1232 1384 Hierosolyma
1253 1320 1454 1380 (Επεὶ.
1479 1321 1547 1369 ix.
1565 1320 1647 1381 4):

363 1465 434 1520 ut
475 1464 546 1520 et
583 1476 701 1539 per
735 1456 1122 1540 “signum,”
1158 1458 1338 1540 apud
1375 1457 1628 1533 Mosen,

456 1587 722 1638 “Amabis
735 1588 1000 1653 Jehovam
1023 1589 1194 1640 Deum
1215 1599 1382 1646 tuum.
1400 1604 1468 1640 ex
1485 1599 1601 1640 toto
1615 1591 1778 1640 corde
1796 1600 1905 1647 tuo.
1925 1599 1979 1640 et
1996 1605 2063 1640 ex
2080 1599 2195 1640 tota
2210 1591 2393 1639 anima
2410 1599 2515 1648 tua.
2529 1597 2587 1642 et

611 1669 680 1704 ex
697 1653 948 1704 omnibus
966 1656 1168 1707 viribus
1187 1656 1294 1706 tuis
1311 1670 1347 1714 ;.
1368 1693 1380 1704 .
1399 1688 1412 1706 .
1433 1656 1702 1718 .alligabis
1720 1671 1785 1704 ea
1810 1658 1863 1705 in
1882 1657 2099 1719 signum
2118 1670 2279 1717 super
2299 1671 2459 1704 manu
2479 1667 2583 1714 tua.

613 1731 674 1768 ac
698 1719 806 1768 sint
829 1720 884 1768 in
909 1719 1163 1769 frontalia
1185 1721 1325 1769 inter
1347 1721 1532 1770 oculos
1557 1731 1679 1770 tuos
1694 1721 1723 1740 ”
1744 1719 1949 1782 (Deutr.
1974 1722 2042 1770 vi.
2071 1731 2114 1781 5.
2137 1721 2197 1779 8;
2232 1735 2344 1783 cap.
2368 1721 2439 1769 xi.
2468 1720 2562 1782 18).

362 1901 368 1907 -
473 1863 680 1946 839·
732 1863 920 1928 Prius
962 1874 1318 1928 ostensum
1361 1874 1472 1928 est
1515 1866 1701 1948 quod
1744 1866 2202 1948 unusquisque
2240 1864 2449 1928 homo
2492 1865 2583 1929 sit

355 1975 510 2018 suus
551 1977 764 2032 amor,
803 1975 884 2021 ac
922 1958 1104 2040 quod
1147 1977 1340 2022 arnor
1373 1969 1444 2020 et
1480 1960 1623 2020 vita
1660 1957 1949 2021 hominis
1980 1977 2183 2019 unum
2216 1956 2466 2021 faciant
2503 1975 2582 2020 ac

357 2068 557 2112 unum
595 2051 770 2113 sint:
821 2069 996 2114 nunc
1034 2051 1300 2114 dicetur
1329 2052 1508 2134 quod
1547 2050 1713 2114 fides
1746 2051 2039 2116 hominis
2075 2052 2161 2115 sit
2194 2051 2409 2133 qualis
2444 2050 2584 2131 ejus

357 2163 543 2207 amor
586 2165 704 2208 seu
739 2145 902 2218 vita,
941 2154 1088 2209 tum
1125 2146 1304 2227 quod
1351 2145 1518 2210 fides
1561 2146 1851 2210 hominis
1894 2149 1985 2210 sit
2030 2146 2400 2210 secundum
2445 2145 2584 2227 ejus

360 2257 582 2318 opera.
673 2237 890 2320 Supra
933 2249 1282 2303 ostensum
1329 2250 1436 2304 est
1482 2241 1663 2322 quod
1707 2259 1913 2321 opera
1956 2241 2023 2304 in
2070 2260 2143 2304 se
2188 2241 2584 2304 contineant

357 2333 582 2395 omnia
625 2333 873 2396 amoris
916 2341 988 2396 et
1033 2334 1214 2397 vitae
1260 2334 1571 2407 hominiS,
1612 2335 1928 2416 quoniam
1972 2354 2179 2415 opera
2224 2344 2381 2397 sunt
2427 2353 2582 2415 pro·

355 2423 706 2489 ductiones
735 2437 808 2489 et
839 2423 1118 2490 effectus
1149 2447 1403 2502 eorum,
1429 2438 1503 2491 et
1525 2439 1685 2492 sunt
1717 2428 1977 2504 ultima,
2002 2429 2071 2490 in
2095 2428 2333 2510 quibus
2358 2429 2586 2491 omnia

357 2521 572 2599 priora
631 2521 1066 2598 coexistunt;
1123 2521 1279 2584 inde
1337 2531 1443 2585 est
1489 2522 1671 2604 quod
1729 2521 1816 2584 ab
1869 2521 2132 2604 angelis
2176 2523 2357 2586 tertii
2415 2520 2585 2585 caeli

353 2613 556 2677 homo
597 2623 914 2677 noscatur
949 2615 1164 2697 qualis
1199 2625 1328 2690 est,
1367 2636 1458 2680 ex
1497 2635 1667 2680 sono
1712 2615 2043 2698 loquelae,
2084 2625 2155 2680 et
2192 2636 2456 2700 quoque
2493 2636 2583 2679 ex

353 2725 610 2786 gressu,
651 2728 740 2770 ex
790 2703 975 2770 tactu
1019 2727 1281 2782 manuS,
1329 2730 1420 2774 ex
1463 2706 1618 2772 actu
1664 2710 1985 2790 corporis),
2024 2710 2113 2776 ab
2156 2710 2583 2774 exultatione

352 2799 512 2879 ejus,
563 2811 634 2864 et
681 2822 770 2864 ex
819 2800 1136 2882 pluribus,
1186 2822 1356 2883 quae
1402 2812 1558 2866 sunt
1611 2801 1961 2882 actionem
2014 2805 2195 2886 quod
2241 2806 2447 2868 homo
2492 2825 2582 2868 ex

351 2893 479 2956 illis
525 2906 847 2958 noscatur
890 2896 957 2957 in
1009 2897 1217 2960 tertio
1267 2897 1482 2972 caele,
1539 2917 1676 2961 non
1730 2907 1969 2962 notum
2026 2909 2133 2962 est
2188 2901 2251 2962 in
2308 2899 2581 2972 mundo,

353 2990 506 3070 quia
543 2989 752 3052 homo
785 2990 1003 3052 credit
1039 2989 1220 3080 quod
1267 2990 1516 3054 talibus
1559 2991 1723 3054 nihil
1767 2992 1947 3067 insit,
1989 2993 2112 3055 nisi
2152 3012 2354 3074 quam
2401 2993 2584 3056 solus

353 3093 620 3158 motus;
679 3101 832 3145 cum
892 3092 1124 3146 tamen
1171 3084 1314 3148 vita
1371 3086 1618 3149 mentis
1668 3085 1811 3167 ejus
1858 3105 1977 3166 per
2021 3087 2229 3150 vitam
2286 3089 2584 3168 corporis

351 3175 492 3255 ejus
539 3175 849 3257 producit
896 3176 1080 3250 talia,
1129 3197 1208 3240 ac
1255 3187 1538 3260 utraque
1575 3179 1718 3242 vita
1760 3199 1915 3242 cum
1960 3180 2271 3244 omnibus
2316 3182 2450 3243 suis
2496 3182 2581 3244 ad

349 3269 858 3350 producendum
882 3270 998 3334 illa
1022 3272 1358 3334 concurrit
1382 3292 1399 3349 3
1445 3293 1535 3335 ex
1561 3293 1697 3354 quo
1726 3274 2029 3355 sequitur
2050 3273 2233 3354 quod
2265 3293 2337 3334 se
2368 3274 2583 3336 mani·

349 3363 558 3428 festet
615 3365 682 3426 in
734 3363 882 3428 illis.
989 3361 1160 3428 Cum
1218 3365 1448 3448 itaque
1493 3367 1635 3430 vita
1693 3366 1985 3430 hominis
2042 3387 2115 3430 se
2152 3367 2463 3447 producit
2516 3368 2583 3430 in

349 3477 582 3538 opera,
621 3477 698 3520 ac
745 3477 818 3520 se
863 3459 1251 3522 manifestat
1297 3460 1364 3521 in
1407 3457 1560 3533 illis,
1601 3461 1903 3542 sequitur
1938 3461 2118 3543 quod
2165 3463 2371 3524 etiam
2414 3460 2584 3525 fides

349 3548 490 3632 ejus
515 3573 532 3628 ;
581 3569 740 3614 nam
763 3549 930 3614 fides
961 3563 1068 3615 est
1099 3553 1359 3633 agnitio
1383 3553 1564 3634 quod
1601 3554 1697 3616 ita
1728 3555 1837 3627 sit,
1867 3565 1936 3617 et
1964 3555 2222 3634 agnitio
2256 3565 2362 3618 est
2393 3557 2584 3637 cogi·

349 3645 634 3709 tationis
670 3656 740 3709 et
785 3645 978 3708 simul
1017 3646 1429 3723 voluntatis3
1484 3657 1556 3710 et
1601 3648 1756 3728 quia
1792 3648 2108 3712 voluntas
2146 3657 2217 3710 et
2255 3650 2584 3729 cogitatio

351 3757 468 3819 per
489 3738 714 3801 vitam
745 3739 1043 3819 corporis
1081 3738 1460 3819 producunt
1497 3739 1858 3814 actionem,
1886 3741 2041 3804 ideo
2071 3743 2277 3805 etiam
2308 3741 2475 3806 fides
2510 3764 2584 3808 se

347 3835 414 3897 in
451 3833 768 3914 operibus
805 3833 1215 3907 manifestat,
1251 3834 1466 3916 qualis
1503 3844 1630 3898 est.
1720 3835 1857 3899 Sed
1890 3856 2099 3918 usque
2138 3836 2299 3900 nihil
2332 3857 2583 3918 agnos·

351 3929 526 3991 citur
584 3926 764 4007 quod
807 3928 907 3990 ita
949 3927 1037 3990 sit
1082 3929 1524 4009 cogitatione,
1571 3929 1929 3992 voluntate
1973 3940 2046 3993 et
2098 3950 2302 4011 opere
2361 3932 2579 4005 simul,

351 4023 476 4085 nisi
524 4023 734 4084 etiam
779 4022 866 4084 sit
912 4024 1160 4084 amoris
1203 4033 1275 4085 et
1311 4024 1494 4086 vitae
1537 4023 1872 4102 hominis3
1918 4045 2108 4088 amor
2151 4036 2223 4088 et
2260 4026 2400 4089 vita
2444 4025 2585 4107 ejus

351 4115 710 4197 agnoscit3
776 4114 933 4178 inde
978 4124 1170 4196 patet
1216 4116 1397 4198 quod
1441 4115 1628 4191 fides,
1678 4120 1835 4199 quia
1877 4129 1983 4182 est
2040 4119 2214 4182 sicut
2272 4138 2461 4184 amor
2513 4131 2585 4184 et

349 4211 493 4274 vita
541 4209 849 4283 hominiS,
899 4211 1108 4273 etiam
1153 4211 1241 4273 sit
1285 4212 1460 4274 sicut
1511 4222 1669 4277 sunt
1715 4213 1854 4293 ejus
1898 4233 2122 4294 opera.
2212 4213 2335 4278 Per
2379 4233 2587 4296 opera

351 4301 830 4383 intelliguntur
873 4304 1102 4366 omnia
1145 4323 1316 4384 quae
1362 4305 1569 4368 homo
1612 4305 1794 4381 facit,
1842 4305 2137 4388 loquitur
2200 4318 2271 4370 et
2330 4309 2582 4384 scribit,

351 4399 495 4460 sive
530 4415 782 4477 magna
814 4406 884 4461 et
918 4396 1136 4460 multa
1165 4398 1326 4472 sint,
1359 4400 1502 4462 sive
1533 4419 1743 4481 parva
1770 4409 1843 4463 et
1881 4419 2138 4482 pauca;
2185 4403 2359 4465 sicut
2396 4403 2584 4484 quic·

347 4491 515 4572 quid
555 4487 930 4572 praefectus
959 4491 1122 4555 facit
1159 4491 1228 4553 in
1265 4511 1386 4556 sua
1417 4491 1781 4569 functione,
1815 4495 2129 4577 quicquid
2162 4497 2479 4560 sacerdos
2516 4498 2585 4560 in

351 4604 496 4660 sua,
545 4585 864 4666 quicquid
909 4594 1248 4649 mercator
1299 4585 1368 4650 in
1419 4607 1562 4664 sua,
1609 4589 1925 4670 quicquid
1971 4588 2259 4652 famulus
2309 4590 2377 4654 in
2422 4609 2584 4672 sua3
