3259 5384
608 573 775 641 2108
1227 586 1730 640 APOCALvPffls
1775 588 2228 642 EXPLICATA.

715 754 981 821 Apparuit
1014 769 1181 821 equus
1216 758 1387 818 albus,
1416 773 1577 822 super
1603 775 1711 823 quo
1745 759 1952 811 Sedens
1983 761 2272 810 vocabatur
2300 759 2578 810 “Verbum
2612 758 2755 819 Dei,”
2781 767 2835 810 et

868 836 1078 886 quoque
1104 823 1133 846 ‘⁸
1151 822 1267 873 Rex
1292 839 1476 887 regum
1502 835 1556 874 et
1582 823 1851 876 Dominus
1873 827 2216 875 dominorum
2234 825 2264 844 ”
2286 828 2444 887 (vers.
2473 837 2547 886 13,
2577 825 2672 888 16):

616 953 775 1018 inde
807 963 1121 1018 constare
1153 965 1385 1037 potest
1422 957 1604 1039 quod
1643 976 1762 1039 per
1795 962 1836 990 “
1857 957 2136 1022 verbum
2169 957 2539 1022 testimonii
2575 975 2795 1020 eorum
2809 955 2838 982 ’'

606 1046 1021 1128 significetur
1051 1048 1382 1112 consessio
1412 1060 1484 1114 et
1520 1051 1786 1132 agnitio
1825 1050 2056 1114 Divini
2093 1053 2160 1114 in
2201 1050 2522 1114 Humano
2555 1049 2837 1113 Domini.

606 1140 740 1222 Qui
792 1142 859 1206 in
912 1141 1027 1204 illa
1070 1144 1421 1224 agnitione
1474 1154 1656 1218 sunt,
1705 1144 1800 1208 illi
1857 1165 2125 1228 quoque
2179 1147 2246 1208 in
2299 1147 2642 1226 agnitione
2683 1153 2838 1207 sunt

604 1235 787 1318 quod
827 1235 1219 1299 Humanum
1254 1236 1530 1301 Domini
1568 1237 1892 1302 Divinum
1930 1240 2042 1312 sit,
2079 1259 2236 1302 nam
2269 1239 2500 1321 Ipsum
2532 1239 2839 1302 Divinum

604 1350 741 1394 non
779 1330 937 1393 alibi
982 1340 1215 1411 potest
1261 1331 1570 1395 habitare
1609 1351 1812 1415 quam
1857 1333 1924 1396 in
1975 1332 2232 1397 Divino
2277 1333 2458 1415 quod
2507 1355 2546 1396 a
2589 1332 2674 1396 Se
2715 1344 2838 1396 est.

606 1423 741 1489 Sed
786 1425 915 1488 hoc
963 1425 1119 1507 quia
1154 1435 1499 1489 nostrates
1534 1427 1780 1490 eruditi
1819 1445 2024 1508 aegre
2071 1439 2360 1509 possunt
2407 1428 2838 1508 comprehen-

604 1519 783 1592 dere,
818 1519 972 1582 ideo
1002 1519 1067 1580 in
1101 1519 1521 1600 cogitatione
1544 1541 1668 1582 sua
1695 1531 2022 1601 separant
2057 1519 2379 1584 Divinum
2411 1520 2500 1584 ab
2533 1521 2842 1584 Humano

606 1612 902 1688 Domini,
950 1622 1021 1676 et
1068 1612 1391 1676 Divinum
1438 1625 1644 1677 extra
1691 1625 1806 1678 aut
1853 1635 2054 1697 supra
2097 1615 2262 1678 illud
2311 1627 2610 1696 ponunt;
2669 1614 2838 1696 quod

604 1717 835 1770 tamen
868 1718 1109 1771 contra
1139 1705 1517 1772 doctrinam
1551 1708 2008 1773 Christianam
2043 1709 2138 1773 de
2163 1708 2500 1773 Trinitate
2531 1720 2654 1784 est,
2677 1729 2841 1792 quae

604 1811 885 1865 vocatur
920 1800 1267 1881 Confessio
1295 1801 1783 1866 Athanasiana
1817 1823 1933 1864 seu
1967 1802 2284 1876 Ilm-aena,
2319 1823 2490 1885 quae
2529 1804 2684 1866 talis
2715 1813 2838 1878 est,

604 1896 786 1978 quod
832 1895 1151 1959 Divinum
1194 1897 1638 1977 assumpserit
1683 1895 1770 1960 ad
1808 1895 1896 1960 Se
1935 1896 2348 1972 Humanum,
2387 1906 2460 1960 et
2497 1898 2676 1979 quod
2709 1916 2842 1960 non

604 1991 738 2054 sint
776 1990 932 2064 duo,
968 1991 1089 2054 sed
1122 1993 1313 2054 unita
1352 1991 1670 2066 Persona,
1706 2011 1978 2072 prorsus
2015 1992 2188 2054 sicut
2221 1993 2446 2054 anima
2481 2003 2552 2054 et
2591 2009 2841 2072 corpus,

723 2099 895 2169 750
903 2085 1045 2169 [aJ.
1102 2087 1221 2149 “ft
1256 2106 1377 2149 non
1418 2087 1770 2150 dilexerunt
1806 2087 2072 2148 animam
2113 2105 2294 2150 suam
2333 2107 2534 2168 usquo
2575 2089 2662 2150 ad
2691 2107 2846 2150 mot·-

605 2175 1080 2256 tom.''—Quod
1126 2176 1469 2258 significet
1494 2177 1742 2259 fideles
1769 2178 1892 2258 qui
1913 2186 2213 2257 propter
2260 2176 2388 2240 illa
2429 2197 2594 2240 vera
2637 2188 2843 2240 tenta·

605 2267 811 2332 tiones
854 2268 1061 2348 passi
1108 2279 1286 2344 sunt,
1350 2278 1415 2332 et
1466 2269 1680 2332 vitam
1734 2269 1971 2332 mundi
2015 2279 2190 2350 prae
2243 2269 2390 2332 vita
2439 2269 2608 2332 caeli
2655 2268 2848 2332 nihili

586 2363 911 2443 fecerunt,
952 2372 1225 2425 constat
1271 2384 1359 2425 ex
1399 2363 1894 2444 significatione
1937 2368 2132 2426 “non
2171 2362 2464 2444 diligere
2501 2361 2846 2436 animam,’'

604 2456 786 2538 quod
824 2457 912 2519 sit
958 2456 1147 2519 nihili
1195 2457 1413 2520 facere
1460 2457 1673 2520 vitam
1711 2457 1946 2520 mundi
1991 2476 2152 2538 prae
2190 2457 2331 2518 vita
2367 2457 2560 2529 caeli,
2603 2457 2687 2520 de
2723 2475 2847 2538 qua

604 2551 944 2632 sequitur3
1000 2559 1072 2613 et
1124 2570 1215 2612 ex
1266 2549 1770 2632 significatione
1821 2557 2093 2633 “usque
2139 2550 2224 2612 ad
2271 2550 2624 2622 mortem‚”
2673 2550 2847 2632 quod

604 2645 693 2707 sit
730 2645 1151 2709 tentationes
1186 2645 1368 2726 pati3
1422 2664 1580 2709 nam
1624 2646 1736 2727 qui
1782 2645 1850 2708 in
1893 2646 2352 2708 tentationum
2389 2646 2636 2725 pugnis
2671 2656 2846 2718 sunt,

604 2738 699 2801 illi
736 2738 925 2802 nihili
960 2738 1214 2802 faciunt
1246 2739 1459 2802 vitam
1492 2739 1726 2802 mundi
1763 2759 1926 2820 prae
1962 2740 2104 2802 vita
2135 2738 2326 2811 caeli,
2360 2751 2850 2820 consequenter

606 2833 793 2895 nihili
836 2831 1092 2895 faciunt
1134 2842 1427 2896 mortem
1472 2833 1776 2914 corporis
1817 2834 1918 2896 sui
1968 2851 2133 2913 prae
2173 2833 2316 2894 vita
2359 2833 2626 2895 animae
2671 2851 2846 2906 suae,

606 2937 678 2989 ut
732 2936 1047 2990 constare
1100 2936 1332 3007 potest
1392 2947 1482 2989 ex
1538 2927 1912 3007 martyriis:
1975 2946 2186 2988 causa
2243 2936 2369 2999 est,
2427 2927 2581 3007 quia
2635 2926 2852 2988 sciunt

604 3022 786 3104 quod
841 3022 981 3084 vita
1030 3021 1098 3084 in
1145 3022 1419 3096 munde,
1460 3041 1652 3102 quae
1687 3032 1792 3084 est
1837 3019 2096 3103 aliquot
2151 3039 2502 3094 annorum,
2551 3021 2714 3083 nihil
2767 3021 2852 3084 sit

605 3112 979 3197 respective
1014 3115 1099 3177 ad
1138 3116 1349 3178 vitarn
1386 3116 1454 3177 in
1492 3114 1709 3190 cae10,
1746 3133 1918 3197 quae
1945 3125 2063 3177 est
2107 3115 2602 3190 vita·aeterna·;
2649 3117 2854 3178 immo

606 3229 691 3272 ne
735 3209 1007 3291 quidem
1052 3209 1229 3272 ratio
1274 3209 1497 3272 datur*
1530 3209 1710 3272 inter
1769 3219 2082 3288 tempora
2147 3209 2328 3270 vitae
2379 3207 2730 3270 hominum
2793 3210 2853 3270 in

607 3303 881 3379 mund0‚
928 3313 1000 3366 et
1044 3303 1223 3365 inter
1266 3303 1478 3366 vitam
1532 3303 1601 3365 in
1653 3301 1966 3365 caelo‘in
2017 3311 2374 3364 aeternum
2425 3301 2853 3379 duratur-arm

606 3399 867 3480 cogitet
898 3399 1010 3480 qui
1048 3406 1277 3478 potest
1316 3415 1477 3460 num
1514 3397 1603 3460 sit
1641 3395 1864 3478 aliqua
1901 3397 2076 3459 ratio
2122 3397 2302 3458 inter
2337 3405 2616 3458 centum
2651 3396 2856 3460 millia

498 3525 511 3542 ι
605 3511 934 3556 annorum
973 3511 1053 3554 ac
1096 3501 1469 3564 aeternum,
1509 3499 1579 3554 et
1626 3491 1999 3570 comperiet
2053 3490 2419 3571 quodnon
2463 3491 2573 3552 sit.
2651 3491 2858 3554 Talia

607 3606 757 3649 cum
796 3585 1026 3649 multis
1061 3584 1209 3648 aliis
1244 3583 1531 3647 influunt
1566 3605 1605 3646 e
1643 3583 1837 3647 caelo
1871 3583 2052 3664 apud
2090 3582 2248 3645 illos
2284 3584 2396 3664 qui
2435 3585 2856 3648 tentationes

602 3679 983 3761 spirituales
1009 3679 1393 3761 patiuntur;
1440 3698 1648 3761 quare
1671 3679 2026 3741 “animam
2053 3676 2302 3752 suam‚”
2335 3677 2462 3740 hoc
2491 3688 2620 3752 est,
2650 3681 2855 3743 vitam

606 3776 672 3837 in
724 3775 999 3848 mund0,
1052 3778 1247 3836 “non
1303 3773 1593 3854 diligunt
1649 3791 1858 3855 usque
1911 3772 1998 3835 ad
2055 3771 2411 3834 mortem.”
2505 3767 2688 3852 Quid
2747 3795 2856 3856 per

608 3867 1006 3931 “animam”
1036 3866 1459 3948 intelligitur,
1502 3885 1739 3948 parum
1776 3867 1841 3928 in
1881 3867 2042 3929 orbe
2079 3875 2320 3928 notum
2355 3875 2486 3938 est,
2525 3885 2617 3928 ex
2659 3885 2858 3932 causa

605 3963 761 4044 quia
797 3962 1040 4025 eruditi
1088 3962 1173 4024 de
1219 3961 1386 4024 sede
1426 3961 1690 4024 animae
1737 3961 1803 4023 in
1851 3979 2132 4041 corpore
2178 3959 2368 4040 plura
2413 3960 2856 4041 hypothetice

605 4055 1051 4131 tradiderunt,
1087 4064 1232 4119 tum
1270 4057 1479 4118 etiam
1519 4055 1603 4118 de
1640 4053 1783 4136 ejus
1819 4055 2136 4128 essentia,
2173 4064 2243 4116 et
2281 4073 2550 4135 quoque
2591 4055 2682 4118 de
2721 4055 2858 4137 ejus

604 4149 865 4214 influxu
902 4159 971 4212 et
1004 4150 1405 4230 operatione
1440 4151 1509 4213 in
1546 4169 1791 4232 corpus
1821 4169 1836 4228 ;
1885 4158 1956 4212 et
1995 4169 2084 4211 ex
2123 4148 2296 4210 ideis·
2327 4148 2741 4230 inde·captis
2779 4151 2860 4214 de

606 4245 746 4325 ejus
790 4242 1344 4308 immortalitate:
1392 4244 1549 4307 inde
1596 4243 1794 4308 fluxit
1829 4243 2012 4324 quod
2049 4241 2366 4305 credatur
2403 4242 2588 4323 quod
2633 4245 2861 4308 anima

606 4341 693 4402 sit
726 4338 999 4421 aliquod
1032 4338 1505 4419 cogitativum,
1540 4339 1607 4400 in
1643 4357 1763 4401 sua
1793 4337 2091 4400 essentia
2123 4336 2537 4411 aethereum,
2573 4345 2645 4400 et
2679 4339 2860 4420 quod

604 4441 921 4514 separata
960 4452 1000 4495 a
1045 4451 1329 4512 corpore
1366 4433 1452 4495 sit
1490 4431 1745 4514 absque
1785 4431 2094 4494 motoriis
2140 4439 2210 4494 et
2255 4431 2593 4507 sensoriiS,
2635 4433 2862 4513 qualia

604 4528 673 4590 in
707 4526 981 4603 mundo,
1010 4534 1377 4611 antequam
1408 4526 1652 4589 iterum
1685 4525 2114 4608 conjungitur
2149 4526 2433 4606 corpori,
2462 4526 2644 4608 quod
2675 4537 2859 4604 tem·
