3259 5384
901 675 1062 727 cAr.
1097 674 1250 738 κη,
1283 674 1490 726 vens,
1533 674 1746 725 1.-—N.
1781 659 2073 745 710[d]..
2428 675 2584 744 1945

358 845 476 908 sed
513 863 632 926 per
661 843 790 908 hoc
838 842 1342 926 significabatur
1377 843 1560 927 quod
1597 843 1709 908 ille
1741 851 2369 926 repraesentaturus
2404 853 2591 908 esset

359 939 724 1004 Dominum
745 940 970 1022 quoad
996 938 1323 1015 Verbum,
1345 939 1520 1002 sicut
1547 938 1735 1002 Elias
1759 960 1775 1016 ;
1822 939 1891 1003 in
1916 938 2151 1002 Verbo
2177 939 2378 1013 enim,
2406 938 2589 1020 quod

355 1043 460 1098 est
505 1032 826 1096 Divinum
865 1032 1143 1109 Verum,
1183 1041 1291 1098 est
1337 1032 1554 1097 ubivis
1592 1031 1981 1114 conjugium
2018 1032 2246 1094 Divini
2292 1031 2463 1096 Boni
2508 1051 2588 1096 ac

357 1126 582 1190 Divini
619 1125 806 1203 Veri,
845 1147 926 1190 ac
973 1126 1292 1190 Divinum
1339 1125 1606 1190 Bonum
1653 1128 1913 1191 unitum
1961 1126 2211 1190 Divino
2249 1125 2439 1190 Vero
2481 1135 2589 1190 est

357 1220 675 1284 Divinum
735 1242 777 1283 a
841 1220 1138 1284 Domino
1197 1221 1596 1301 proceden5‚
1660 1221 1841 1302 quod
1900 1229 2183 1283 vocatur
2245 1218 2589 1300 “Spiritus

353 1311 704 1378 sanans?
773 1315 1170 1380 “exultatio
1229 1315 1298 1378 in
1359 1325 1554 1378 utero
1569 1315 1599 1340 ”
1654 1315 1741 1378 ad
1794 1314 2279 1378 salutationem
2333 1313 2588 1378 Mariae

353 1408 912 1489 repraesentabat
957 1409 1278 1490 gaudium
1323 1429 1415 1472 ex
1467 1427 1701 1474 amore
1746 1405 2238 1489 conjunctionis
2292 1406 2464 1471 Boni
2516 1417 2588 1472 et

353 1501 539 1577 Veri.
587 1503 684 1566 ita
728 1503 1048 1584 gaudium
1091 1505 1341 1566 amoris
1385 1503 1785 1584 coniugialis
1828 1502 2171 1578 caelestis,
2212 1503 2323 1584 qui
2367 1511 2474 1567 est
2518 1501 2587 1564 in

353 1593 640 1676 Singulis
677 1593 914 1658 Verbi.
1003 1611 1172 1670 (Quod
1191 1611 1444 1672 johannes
1471 1611 1701 1670 Baptista.
1723 1611 1847 1658 sicut
1876 1611 2021 1662 Elias.
2042 1609 2465 1668 repraesentaverit
2486 1609 2591 1656 Do-

352 1689 540 1736 minum
559 1691 726 1748 quoad
745 1690 980 1744 Verbum.
1003 1689 1222 1738 videatur
1241 1691 1293 1736 in
1313 1691 1523 1737 Ananis
1539 1691 1834 1742 Caele-stibus,
1858 1703 1905 1736 n.
1928 1688 2241 1750 7643,9372.)

376 1835 386 1844 ,
475 1771 616 1854 [ὦ]
676 1771 857 1854 Quid
903 1773 1247 1855 significat
1295 1773 1699 1840 “masculus
1740 1774 1853 1856 qui
1902 1774 2124 1855 primo
2167 1771 2387 1854 aperit
2433 1779 2588 1838 ute·

353 1863 544 1928 rum''
579 1866 788 1928 etiam
825 1865 1124 1944 dicetur;
1173 1865 1256 1930 de
1293 1866 1413 1929 illo
1443 1866 1540 1930 ita
1576 1866 1825 1948 legitur
1860 1864 2039 1946 apud
2075 1863 2329 1940 Mosen,

455 1995 638 2046 “Cum
666 1997 945 2048 deduxerit
971 2008 1025 2047 te
1053 1997 1298 2064 Jehovah
1333 1999 1390 2048 in
1423 2007 1620 2048 terram
1651 1994 2057 2058 1¹1Canaanem„
2076 2034 2088 2046 .
2108 2033 2122 2046 .
2142 1996 2393 2046 .transire
2420 1994 2587 2045 iacies

611 2077 830 2114 omnem
857 2073 1163 2126 aperturam
1191 2064 1326 2114 uteri
1355 2062 1610 2128 Jehovae‚
1633 2073 1689 2112 et
1716 2077 1933 2112 omnem
1962 2072 2267 2126 aperturam
2297 2060 2439 2112 fetus
2467 2061 2587 2110 bes-

613 2127 734 2188 tiae,
759 2137 1018 2192 quotquot
1045 2138 1204 2178 erunt
1233 2129 1328 2178 tibi
1354 2128 1592 2187 masculi,
1621 2128 1859 2193 jehovae
1878 2145 1916 2178 ι.
1936 2165 1947 2177 .
1970 2165 1981 2176 .
2001 2127 2119 2177 ‚sed
2144 2140 2363 2176 ornnem
2388 2127 2588 2188 primo-

613 2193 878 2254 genitum.
899 2193 1064 2243 .inter
1090 2193 1230 2243 filios
1257 2204 1379 2242 tuos
1409 2194 1655 2243 redime&
1722 2193 1881 2256 Quod
1910 2193 1957 2242 si
1991 2192 2097 2250 fiat,
2126 2201 2185 2240 ut
2213 2193 2505 2253 interroget
2532 2201 2585 2239 te

613 2257 752 2306 filius
771 2267 894 2307 tuus
917 2272 1052 2318 eras,
1068 2258 1315 2318 dicendo,
1335 2258 1477 2322 Quid
1499 2259 1637 2309 hoc?
1666 2259 1815 2308 dices
1837 2259 1907 2308 ad
1928 2272 2070 2317 eum,
2092 2257 2197 2306 Per
2214 2256 2585 2305 fortitudinem

614 2337 806 2372 manus
840 2324 1024 2372 eduxit
1058 2338 1159 2373 nos
1191 2323 1435 2388 Jehovah
1470 2338 1538 2373 ex
1572 2323 1840 2386 Aegypto,
1874 2338 1905 2372 e
1944 2324 2108 2371 domo
2142 2336 2419 2371 servorum
2441 2335 2477 2380 ς.
2498 2357 2511 2370 .
2532 2357 2543 2370 .
2564 2357 2577 2370 .

573 2409 580 2420 -
615 2388 742 2436 dum
770 2388 962 2437 occidit
979 2401 1197 2437 omnem
1216 2389 1632 2452 primogenitum
1659 2389 1715 2437 in
1738 2398 1895 2447 terra,
1914 2403 1949 2436 a
1972 2385 2331 2450 primogenito
2350 2385 2586 2434 hominis

613 2466 783 2516 usque
815 2453 886 2502 ad
913 2453 1330 2516 primogenitum
1358 2454 1594 2512 bestiae:
1636 2463 1923 2516 propterea
1947 2467 2051 2514 ego
2079 2452 2321 2502 sacrifico
2347 2451 2587 2515 Jehovae

614 2531 832 2567 ornnem
858 2530 1162 2581 aperturam
1191 2519 1344 2578 uteri,
1371 2517 1655 2577 masculos.
1680 2527 1735 2568 et
1762 2532 1979 2567 omnem
2008 2517 2424 2581 primogenitum
2453 2515 2588 2566 filio·

617 2597 734 2632 rum
758 2589 1001 2633 meorum
1025 2583 1230 2634 redimo
1245 2582 1274 2604 '⁰
1298 2582 1483 2646 (Exod.
1506 2583 1615 2633 xiii.
1644 2595 1802 2644 11-15
1824 2596 1837 2642 ;
1872 2597 1985 2646 cap.
2010 2583 2188 2632 xxxiv.
2216 2595 2291 2645 19,
2318 2582 2415 2643 20).

355 2693 560 2777 Quod
599 2693 753 2759 loco
789 2717 1022 2761 eorum
1057 2696 1321 2780 accepti
1357 2697 1495 2761 sint
1531 2695 1837 2772 Levitae,
1871 2695 2050 2780 apud
2089 2695 2403 2770 eundem,

454 2831 486 2854 ⁸⁸
500 2829 638 2880 Ecce
660 2831 838 2893 accepi
865 2830 1079 2882 Levitae
1105 2847 1138 2882 e
1165 2832 1344 2882 medio
1369 2832 1598 2882 filiorum
1630 2831 1847 2882 Israelis
1875 2832 1994 2882 loco
2021 2832 2200 2881 omnis
2224 2829 2584 2894 primogeniti,

613 2905 892 2957 aperturae
920 2897 1074 2958 uteri,
1102 2897 1169 2947 de
1204 2897 1326 2947 filiis
1359 2897 1590 2957 Israelis,
1617 2907 1679 2946 ut
1705 2898 1815 2946 sint
1844 2897 1979 2946 Mihi
2010 2896 2258 2946 Levitae:
2296 2897 2421 2960 quia
2448 2893 2586 2945 Mihi

613 2974 773 3010 omne
808 2961 1222 3024 primogenitum
1261 2964 1315 3011 in
1352 2963 1438 3012 die
1473 2977 1580 3026 quo
1615 2962 1852 3026 percussi
1886 2977 2050 3011 omne
2076 2961 2493 3024 primogenitum
2530 2961 2585 3010 in

615 3034 758 3074 terra
783 3025 1033 3090 Aegypti,
1052 3025 1382 3077 sanetificavi
1409 3027 1544 3077 Mihi
1567 3041 1731 3076 omne
1756 3027 2169 3090 primogenitum
2197 3027 2250 3075 in
2280 3026 2493 3085 israele,
2518 3025 2587 3074 ab

617 3090 837 3219 hgmi13e
863 3106 1034 3156 usque
1059 3093 1130 3142 ad
1154 3093 1382 3142 bestiam
1413 3091 1552 3142 Mihi
1576 3091 1780 3144 erunt”
1808 3093 1997 3156 (Num.
2022 3092 2093 3142 iii.
2127 3103 2300 3153 12‚13:
2334 3107 2447 3154 cap.
2478 3091 2585 3140 viii.

619 3167 643 3204 1
681 3193 696 3216 ‚
725 3167 785 3217 17
823 3172 838 3208 ι

345 3286 694 3368 spirituale
725 3287 905 3370 quod
939 3289 1010 3352 in
1047 3288 1174 3354 hoc
1207 3297 1476 3354 statuto
1505 3289 1932 3354 reconditum
1964 3287 2157 3364 latet,
2192 3308 2347 3366 non,
2368 3296 2582 3369 patet,

345 3382 476 3444 nisi
507 3382 757 3445 sciatur
786 3383 968 3465 quod
996 3388 1036 3416 ‘⁴
1057 3385 1534 3464 generationes
1549 3383 1579 3410 ”
1611 3393 1684 3448 et
1719 3390 1759 3417 ‘⁸
1777 3384 2171 3448 nativitates
2187 3381 2217 3408 ”
2241 3383 2585 3449 naturales

346 3474 734 3556 significent
799 3478 1276 3558 generationes
1341 3487 1414 3542 et
1479 3478 1879 3542 nativitates
1944 3477 2365 3560 spirituales;
2438 3486 2587 3542 tum

345 3570 558 3632 etiam
609 3569 792 3652 quod
851 3571 1080 3634 omnia
1137 3571 1444 3636 membra
1495 3572 1954 3653 generationis
2006 3572 2586 3652 correspondeant

345 3665 562 3730 amori
591 3663 872 3727 caelesti
903 3675 974 3728 et
1005 3663 1146 3746 ejus
1182 3663 1550 3747 productis,
1583 3687 1755 3749 quae
1786 3676 1946 3732 sunt
1978 3685 2156 3741 usuS,
2191 3666 2301 3748 qui
2333 3684 2585 3728 vocan-

345 3766 460 3820 tur
479 3777 644 3820 vera
671 3757 848 3822 illius
877 3761 1148 3822 amoris,
1225 3757 1400 3841 Quia
1429 3761 1526 3823 ita
1556 3771 1685 3836 est,
1712 3770 1785 3825 et
1814 3761 1971 3843 quia
1997 3765 2039 3792 ‘⁴
2061 3759 2493 3842 conjugium”
2517 3763 2585 3825 in

347 3871 552 3915 sensu
590 3852 918 3932 spirituali
959 3852 1297 3934 significat
1335 3853 1723 3935 conjugium
1759 3853 1919 3917 boni
1955 3863 2027 3917 et
2063 3855 2223 3929 veri,
2262 3863 2339 3930 ut
2384 3875 2585 3936 supra

345 3943 604 4010 dictum
669 3956 798 4022 est,
856 3948 1014 4011 inde
1074 3957 1388 4012 constare
1448 3958 1681 4029 potest
1738 3948 1900 4031 quid
1956 3949 2025 4012 in
2082 3948 2326 4012 eodem
2384 3969 2587 4013 sensu

347 4039 768 4123 significatur
791 4061 908 4122 per
931 4047 970 4074 ‘⁶
987 4051 1374 4123 aperturam
1399 4041 1629 4120 uteri,”
1649 4063 1767 4106 seu
1794 4047 1835 4076 “
1850 4044 2379 4125 primogenitum
2402 4063 2585 4108 mas·

345 4134 570 4199 culum
593 4133 649 4198 :”
709 4154 828 4216 per
874 4140 1314 4217 “aperturam
1374 4135 1602 4211 uteri,”
1655 4156 1775 4200 seu
1834 4157 1953 4218 per
2000 4136 2586 4218 “primogenitum

347 4228 782 4304 masculum,”
813 4229 1230 4311 significatur
1265 4230 1332 4293 id
1369 4231 1550 4313 quod
1582 4232 1869 4312 primum
1902 4232 2201 4294 nascitur
2228 4251 2319 4294 ex
2352 4250 2585 4295 amore

345 4324 630 4388 caelesti
673 4331 752 4386 et
787 4325 1225 4405 perceptione
1261 4323 1422 4388 boni
1467 4333 1541 4388 et
1586 4326 1766 4402 veri;
1820 4326 2002 4410 quod
2049 4326 2177 4389 hoc
2224 4326 2312 4388 sit
2349 4343 2585 4390 verum

344 4439 434 4482 ex
479 4420 690 4493 bone,
739 4417 920 4500 quod
973 4417 1128 4482 loco
1174 4419 1478 4499 principii
1531 4429 1639 4482 est
1690 4419 1981 4502 reliquiS,
2028 4429 2267 4502 patet;
2327 4418 2457 4482 hoc
2510 4419 2583 4482 in

347 4533 466 4577 sua
499 4514 810 4578 essentia
845 4522 954 4575 est
991 4512 1244 4576 bonum
1282 4512 1650 4594 spirituale,
1690 4532 1848 4576 nam
1888 4515 2015 4577 hoc
2052 4513 2305 4577 bonum
2348 4514 2415 4576 in
2462 4533 2583 4577 sua

341 4607 553 4672 forma
589 4618 705 4672 est
744 4625 978 4668 verum
1017 4627 1106 4670 ex
1153 4607 1335 4672 bono
1356 4628 1373 4687 ;
1399 4628 1566 4684 .seu,
1605 4608 1789 4690 quod
1825 4608 2005 4672 idem
2044 4617 2171 4684 est,
2211 4625 2443 4672 verum
2488 4627 2579 4671 ex
