3259 5384
662 641 824 709 1974
1275 634 1778 688 APOCALYPSIS
1824 635 2275 686 EXPLICATA.

650 805 740 870 sit
778 826 1006 884 omne,
1043 813 1115 870 et
1153 805 1424 869 dicatur
1465 804 1553 867 de
1590 805 1770 868 veris
1808 819 1893 879 (de
1910 833 2010 878 qua
2027 833 2188 882 supra.
2210 833 2259 866 n.
2281 805 2421 884 384.
2450 803 2637 884 5o6);
2690 811 2762 866 et
2808 823 2897 866 ex

650 895 1155 977 significatione
1191 894 1606 959 “stellarum
1641 893 1873 969 caeli,”
1905 893 2087 977 quod
2120 895 2257 957 sint
2290 895 2725 974 cognitiones
2758 893 2897 956 veri

648 997 721 1050 et
754 987 916 1049 boni
940 1007 1031 1049 ex
1061 985 1299 1050 Verbo
1325 1001 1408 1060 (de
1429 1014 1528 1058 qua
1547 1001 1693 1046 etiam
1714 1014 1874 1060 supra,
1894 1015 1941 1047 n.
1962 999 2061 1064 72.
2080 999 2253 1062 402),
2283 985 2380 1047 ita
2404 1005 2677 1067 quoque
2708 1003 2891 1057 vera,

653 1094 813 1137 nam
853 1075 1288 1156 cognitiones
1323 1076 1464 1137 veri
1503 1084 1573 1138 et
1613 1074 1773 1137 boni
1813 1085 1971 1136 sunt
2012 1094 2172 1136 vera
2210 1073 2539 1136 naturalis
2578 1074 2895 1142 hominis,

651 1189 742 1231 ex
796 1169 1035 1251 quibus
1082 1167 1546 1249 intelligentia
1596 1167 1914 1231 rationali
1960 1177 2032 1230 et
2079 1166 2413 1250 spirituali
2449 1166 2748 1228 homini:
2808 1187 2896 1229 ex

651 1263 890 1345 quibus
928 1272 1248 1326 constare
1293 1271 1527 1344 potest
1577 1262 1760 1345 quod
1805 1282 1922 1342 per
1964 1262 2245 1324 “cauda
2293 1260 2567 1324 trahere
2618 1260 2896 1324 tertiam

652 1365 919 1438 partem
976 1356 1340 1419 stellarum
1397 1355 1630 1431 caeli,”
1669 1374 1821 1418 cum
1878 1355 1965 1418 de
2024 1353 2440 1428 “dracone,”
2478 1353 2904 1436 significetur

652 1448 1007 1512 falsificare
1046 1459 1117 1512 et
1155 1449 1542 1512 adulterare
1580 1469 1743 1512 vera
1778 1448 2011 1511 Verbi.
2106 1447 2311 1530 Quod
2351 1447 2418 1510 id
2456 1445 2900 1529 significetur,

653 1551 760 1606 est
807 1545 962 1625 quia
1009 1561 1128 1624 per
1175 1543 1607 1606 “draconem
1637 1541 1667 1567 ”
1712 1543 1779 1604 in
1836 1561 2089 1623 genere
2134 1541 2614 1623 intelliguntur
2658 1560 2902 1603 omnes

655 1638 770 1719 qui
789 1646 1177 1718 agnoscunt
1201 1636 1530 1710 Verbum,
1556 1657 1635 1700 ac
1673 1635 1913 1717 legunt
1947 1635 2136 1710 illud,
2158 1645 2232 1698 et
2267 1655 2476 1718 usque
2502 1654 2640 1697 non
2660 1635 2902 1697 vivunt

655 1732 1030 1793 secundum
1095 1729 1306 1808 illud;
1369 1740 1440 1792 et
1501 1729 1633 1792 hoc
1697 1731 1853 1812 quia
1907 1739 2229 1811 separant
2283 1731 2499 1791 vitam
2558 1748 2732 1810 quae
2792 1740 2900 1790 est

655 1823 954 1886 charitas
993 1844 1034 1885 a
1072 1823 1226 1898 fide,
1262 1833 1334 1886 et
1374 1822 1663 1886 credunt
1702 1822 1885 1905 quod
1918 1823 2087 1886 satis
2118 1824 2207 1885 sit
2241 1823 2547 1903 cogitare
2581 1821 2698 1884 illa
2729 1841 2905 1903 quae

655 1916 724 1979 in
763 1916 997 1980 Verbo
1034 1928 1218 1993 sunt,
1259 1927 1330 1980 et
1377 1918 1503 1979 sibi
1541 1917 1949 1999 persuadere
1987 1916 2168 1998 quod
2213 1914 2565 1978 salventur
2602 1917 2657 1977 si
2694 1935 2905 1997 quae·

655 2009 816 2072 dam
853 2011 1011 2073 inde
1049 2031 1140 2073 ex
1178 2008 1424 2073 fiducia
1460 2019 1534 2072 et
1572 2007 1992 2073 confidentia
2029 2010 2344 2090 cogitent
2390 2017 2461 2071 et
2511 2007 2903 2091 loquantur,

659 2112 730 2166 et
769 2105 951 2186 quod
991 2103 1140 2166 sola
1171 2102 1354 2174 fides
1371 2100 1701 2183 justificet
1739 2113 1811 2166 et
1851 2102 2097 2177 salvet,
2137 2112 2210 2166 et
2250 2121 2385 2165 non
2424 2101 2678 2183 aliquid
2719 2101 2907 2164 vitae

663 2211 783 2254 seu
821 2194 1046 2274 operis
1072 2214 1087 2271 3
1127 2209 1283 2268 (quod
1309 2208 1359 2254 hi
1380 2209 1474 2254 sint
1494 2209 1578 2266 qui
1605 2221 1693 2266 per
1714 2203 1742 2222 ⁰¹
1758 2209 2019 2254 draconem
2035 2207 2063 2224 ⁰⁰
2086 2204 2484 2264 1¹]intelliguntur.
2508 2207 2727 2252 videatur
2742 2219 2908 2264 supra.

657 2307 707 2341 n.
729 2292 918 2359 714):
966 2281 1122 2361 quia
1159 2279 1257 2342 illi
1294 2278 1381 2341 ad
1419 2279 1964 2342 confirmandum
1997 2298 2118 2341 sua
2148 2278 2483 2359 dogmata
2514 2297 2606 2338 ex
2642 2274 2905 2349 Verb0,

659 2370 1008 2433 adducunt
1037 2370 1188 2433 loca
1217 2369 1327 2434 ubi
1360 2377 1398 2402 “
1416 2368 1585 2433 fides
1606 2369 1636 2394 '⁹
1663 2371 2053 2434 nominatur
2078 2378 2147 2432 et
2176 2370 2287 2431 ubi
2317 2374 2355 2400 ‘⁸
2374 2368 2542 2430 fides
2560 2365 2591 2392 ”
2616 2368 2864 2430 dicitur
2892 2391 2905 2444 ;

664 2474 738 2526 at
779 2462 889 2527 ubi
941 2463 1344 2527 “charitas”
1382 2475 1452 2527 et
1497 2471 1746 2526 “amor
1763 2462 1793 2488 ’³
1832 2465 2222 2526 nominatur
2259 2471 2329 2525 et
2373 2460 2699 2525 “facere”
2738 2461 2906 2524 dici-

658 2564 789 2630 tur,
831 2575 950 2637 per
995 2555 1529 2637 applicationem
1576 2556 1664 2618 ad
1712 2553 1930 2617 solam
1977 2552 2183 2617 fidem
2229 2562 2653 2636 pervertunt,
2687 2561 2761 2615 et
2810 2555 2905 2615 sic

657 2647 984 2723 Verbum,
1025 2649 1207 2732 quod
1243 2669 1284 2712 a
1321 2650 1656 2731 principio
1694 2648 1780 2712 ad
1819 2646 2024 2710 finem
2063 2657 2171 2710 est
2205 2643 2515 2710 doctrina
2548 2647 2800 2709 amoris
2836 2647 2903 2708 in

657 2741 1029 2804 Dominum
1055 2752 1126 2805 et
1159 2744 1410 2805 amoris
1434 2762 1601 2825 erga
1626 2743 2039 2824 proximum,
2067 2739 2429 2805 falsificant
2458 2760 2473 2802 z
2522 2740 2692 2803 haec
2720 2739 2906 2802 salsi-

657 2831 887 2896 ficatio
913 2843 984 2896 et
1009 2833 1423 2897 adulteratio
1447 2833 1867 2897 ¹⁸¹veritatum
1896 2833 2105 2897 Verbi
2138 2834 2545 2916 intelligitur
2568 2853 2687 2916 per
2714 2841 2753 2866 ‘⁴
2771 2835 2893 2897 de·

658 2927 932 2990 trahere
970 2928 1187 2991 cauda
1227 2929 1503 2991 tertiam
1542 2937 1809 3010 partem
1853 2926 2265 3012 [stellarum]
2306 2929 2476 2993 caeli
2504 2928 2555 3006 ;”
2599 2930 2779 3011 quod
2826 2931 2891 2991 id

658 3041 779 3103 per
822 3041 904 3084 ea
948 3021 1155 3084 verba
1201 3021 1653 3103 intelligatur,
1696 3031 1802 3086 est
1850 3023 2006 3104 quia
2051 3023 2267 3086 cauda
2313 3033 2419 3087 est
2466 3024 2895 3087 continuatio

658 3116 914 3178 cerebri
951 3135 1072 3197 per
1107 3117 1374 3198 spinam
1412 3116 1617 3190 dorsi,
1660 3116 1848 3197 cujus
1885 3128 1991 3179 est
2029 3117 2397 3199 appendix,
2432 3128 2502 3180 et
2541 3118 2759 3180 cauda
2797 3119 2893 3179 sic

657 3210 884 3290 agitur
898 3230 988 3272 ex
1015 3211 1242 3292 capite
1267 3219 1338 3273 et
1365 3231 1454 3274 ex
1477 3229 1761 3292 corpore
1783 3211 2156 3274 secundum
2178 3211 2509 3274 desideria
2535 3223 2605 3275 et
2632 3215 2887 3293 appeti-

658 3312 770 3365 tus
803 3303 1129 3367 naturalis
1161 3304 1458 3367 hominis
1482 3323 1499 3381 ;
1536 3323 1747 3385 quare
1770 3304 2027 3367 caudae
2054 3306 2395 3368 motiones
2427 3317 2586 3369 sunt
2618 3303 2895 3370 effectus

655 3396 946 3460 fluentes
977 3417 1068 3460 ex
1101 3397 1416 3479 jucundis
1448 3417 1758 3460 amorum
1790 3399 1857 3460 in
1890 3399 2131 3480 quibus
2163 3408 2270 3460 est
2304 3397 2636 3460 sensualis
2668 3397 2899 3467 homo,

658 3500 731 3554 et
759 3511 1024 3554 amores
1052 3491 1384 3554 sensualis
1411 3490 1705 3554 hominis
1727 3511 1885 3554 vera
1909 3489 2119 3554 Verbi
2144 3489 2505 3553 falsificant
2532 3500 2602 3552 et
2629 3489 2903 3552 adulte-

655 3591 835 3642 rant.
923 3597 1093 3654 (Quod
1116 3593 1143 3610 ‘⁸
1161 3596 1360 3643 cauda''
1383 3595 1618 3655 significet
1645 3595 1883 3649 sensuale,
1910 3597 2047 3652 quod
2073 3603 2145 3640 est
2172 3596 2401 3640 naturalis
2428 3595 2635 3640 bominis
2662 3595 2907 3645 ultimum.

653 3675 872 3720 videatur
892 3689 1054 3734 supra.
1075 3689 1122 3722 n.
1147 3675 1178 3740 5
1192 3675 1311 3740 59.)
1397 3659 1555 3723 Sive
1588 3659 1781 3722 dicas
1804 3661 1988 3741 quod
2014 3679 2287 3721 amores
2310 3659 2647 3721 sensualis
2679 3659 2903 3721 homi-

660 3753 762 3813 nis
807 3750 1168 3815 falsificent
1223 3763 1295 3814 et
1351 3751 1750 3814 adulterant
1798 3771 1960 3815 vera
2007 3750 2242 3826 Verbi,
2292 3752 2435 3814 sive
2482 3751 2673 3814 dicas
2718 3753 2905 3833 quod

655 3845 970 3908 sensuale
1029 3845 1096 3908 id
1153 3844 1379 3920 faciat,
1428 3845 1608 3907 idem
1664 3855 1795 3920 est,
1852 3864 2011 3907 nam
2068 3844 2381 3908 sensuale
2430 3855 2621 3907 amat
2674 3846 2906 3908 vivere

655 3941 920 4022 corpori
974 3949 1045 4002 et
1102 3940 1378 4014 mundo,
1425 3940 1524 4002 ita
1579 3942 1807 4022 geni0,
1848 3949 1920 4003 et
1975 3939 2161 4002 illam
2217 3941 2431 4003 vitam
2486 3940 2723 4015 sentit,
2762 3957 2905 4001 non

653 4046 885 4098 autem
925 4035 1339 4109 interiorem,
1380 4054 1586 4117 quare
1623 4053 1775 4096 eam
1816 4042 2050 4115 negat.

775 4141 969 4210 719.
1029 4125 1308 4190 Dictum
1361 4137 1468 4190 est
1519 4127 1705 4210 quod
1750 4125 2070 4190 sensuale
2114 4145 2278 4189 vera
2321 4124 2540 4189 Verbi
2582 4124 2904 4191 falsificet

655 4229 725 4282 et
752 4220 1094 4282 adulteret
1121 4239 1136 4297 ;
1187 4228 1262 4282 ut
1293 4238 1458 4281 vero
1489 4219 1743 4281 sciatur
1766 4219 2111 4301 quomodo
2142 4218 2209 4281 id
2243 4227 2477 4300 potest
2503 4238 2665 4280 vera
2686 4218 2901 4282 Verbi

652 4312 1009 4376 falsificare
1054 4323 1126 4376 et
1164 4313 1553 4376 adulterare
1594 4311 1987 4394 [interest];
2036 4332 2194 4376 nam
2232 4314 2344 4395 qui
2383 4330 2520 4375 non
2560 4313 2690 4375 scit
2728 4333 2903 4395 quo-

656 4409 862 4470 modo
895 4408 962 4471 id
995 4407 1094 4483 fit,
1123 4418 1193 4470 et
1227 4406 1426 4489 quale
1453 4405 1760 4470 Verbum
1792 4415 1921 4481 est,
1951 4415 2183 4488 potest
2215 4407 2491 4470 credere
2523 4407 2705 4490 quod
2737 4428 2904 4471 vera

655 4501 867 4565 Verbi
901 4504 1055 4585 quia
1089 4511 1248 4565 sunt
1281 4521 1462 4576 vera,
1491 4511 1562 4564 et
1596 4503 1664 4563 in
1696 4520 1898 4564 sensu
1934 4499 2205 4564 litterae
2237 4499 2378 4581 ejus
2410 4510 2719 4576 exstant,
2755 4520 2897 4566 non

655 4599 921 4681 possint
952 4596 1122 4659 salsa
1155 4595 1332 4658 fieri:
1383 4605 1456 4658 at
1493 4595 1818 4657 inserviat
1853 4613 1974 4677 pro
2004 4592 2462 4658 illustratione
2495 4593 2896 4672 exemplum
