3259 5384
878 684 1039 735 cu.
1070 684 1227 749 κη,
1258 684 1469 737 vans.
1507 683 1724 754 5.—N.
1756 666 2014 753 725[a].
2388 682 2556 749 2003

325 854 495 939 Quia
558 876 681 938 per
742 854 1112 937 “lapides”
1169 855 1237 918 in
1303 854 1539 919 Verbo
1602 852 2070 936 significantur
2132 872 2312 930 vera,
2381 852 2562 916 dixit

321 951 663 1033 Johannes
700 949 1017 1034 Baptista

416 1086 447 1109 ‘⁸
459 1084 619 1151 Quod
637 1084 788 1137 Deus
803 1086 977 1149 possit
990 1100 1058 1135 ex
1071 1084 1338 1149 lapidibus
1352 1084 1438 1135 his
1452 1084 1714 1135 suscitare
1729 1083 1867 1134 filios
1883 1081 2230 1133 Abrahamo”
2245 1081 2393 1145 (Luc.
2407 1080 2480 1133 iii.
2495 1080 2562 1144 8).

325 1216 487 1275 (Quod
505 1231 593 1277 per
612 1222 643 1241 ⁸·
660 1218 847 1276 lapidas
862 1215 893 1235 ''
912 1215 1241 1275 significentur
1258 1229 1386 1271 vera,
1403 1228 1548 1275 super
1567 1216 1744 1274 quibus
1765 1215 2028 1261 fundantur
2046 1226 2159 1261 vera
2179 1214 2415 1267 interiora.
2433 1214 2566 1259 vide-

326 1282 431 1337 atur·
452 1292 503 1337 in
527 1292 745 1338 Arcas-is
778 1291 1072 1345 Caelestum.
1100 1304 1149 1339 n.
1178 1292 1285 1349 ⁶43.
1306 1294 1440 1349 1298,
1462 1304 1599 1349 3720,
1621 1291 1760 1349 ⁶42⁶-
1783 1291 1919 1348 8609.
1944 1290 2130 1349 10376.)
2215 1272 2406 1337 Sicut
2442 1290 2566 1355 per

330 1368 595 1434 “filios''
642 1369 1111 1451 significantur
1155 1389 1335 1443 vera,
1374 1366 1473 1431 ita
1517 1369 1726 1431 etiam
1773 1387 1892 1450 per
1935 1367 2088 1431 illos
2134 1367 2200 1430 in
2248 1368 2566 1449 opposito

327 1482 517 1528 sensu
540 1463 1009 1549 significantur
1034 1462 1223 1538 falsa,
1253 1473 1328 1526 ut
1358 1464 1425 1525 in
1452 1461 1854 1544 quibusdam
1882 1461 2049 1525 locis
2074 1481 2274 1542 supra
2296 1460 2523 1525 allatis
2546 1481 2563 1538 3

331 1556 497 1641 [tum
530 1578 807 1641 quoque
843 1559 911 1621 in
949 1556 1111 1641 hoc]
1152 1556 1332 1639 apud
1368 1555 1677 1633 Esaiam,

418 1693 448 1715 ‘⁸
462 1690 655 1741 Parate
693 1690 815 1740 filiis
850 1689 969 1753 ejus
1005 1686 1389 1739 madtationem
1425 1690 1495 1739 ob
1522 1689 1860 1753 iniquitatem
1894 1699 2104 1751 patrum
2135 1703 2338 1749 eorum,
2367 1696 2427 1739 ut
2453 1703 2565 1738 non

580 1765 870 1819 resurgant
887 1765 942 1805 et
959 1756 1275 1818 possideant
1292 1764 1506 1813 terram,
1526 1764 1581 1803 et
1600 1756 1674 1804 im
1713 1756 1925 1805 leantur
1941 1755 2104 1804 facies
2125 1764 2297 1804 terrae
2317 1755 2565 1805 urbibus:

580 1835 804 1883 surgam
828 1830 1019 1870 contra
1040 1834 1177 1879 eos„
1196 1857 1211 1871 .
1230 1828 1309 1870 ,et
1332 1820 1644 1869 exscindam
1723 1818 1866 1869 abeli
1894 1834 2094 1869 nomen
2123 1828 2178 1869 et
2202 1820 2490 1879 residuum,
2515 1830 2570 1870 et

580 1887 753 1937 filium
776 1896 831 1936 et
854 1896 1147 1949 nepotem..
1167 1923 1181 1936 .
1199 1893 1279 1936 ‚et
1302 1899 1499 1948 ponam
1521 1900 1642 1934 eam
1665 1886 1722 1934 in
1746 1884 2098 1935 hereditatem
2117 1886 2410 1944 anatariae,
2431 1894 2486 1935 et
2511 1886 2566 1935 in

582 1962 783 2015 stagna
804 1965 1079 2015 aquarum,
1104 1960 1159 2001 et
1180 1965 1423 1999 evertam
1449 1964 1569 2001 earu
1595 1950 1774 2013 scopis
1799 1950 2072 2014 perdendo
2088 1948 2116 1969 ”
2139 1950 2266 2013 (xiv.
2293 1950 2508 2013 21-23):

331 2085 486 2149 haec
524 2084 612 2147 de
652 2082 933 2156 Babele,
968 2103 1088 2165 per
1119 2100 1323 2165 quam
1361 2082 1776 2164 significatur
1805 2080 2216 2146 adulteratio
2247 2080 2459 2146 Verbi
2497 2093 2569 2148 et

332 2180 745 2260 profanatio;
792 2177 899 2242 hic
946 2178 1171 2259 agitur
1218 2178 1304 2240 de
1351 2176 1551 2241 totali
1581 2178 1968 2242 vastatione
2005 2178 2145 2241 veri
2190 2178 2370 2259 apud
2416 2177 2570 2242 illos

334 2274 437 2355 qui
481 2292 601 2355 per
644 2270 1083 2335 “Babelem'’
1122 2271 1636 2354 intelliguntur;
1684 2272 1864 2355 quod
1912 2292 2180 2353 prorsus
2225 2270 2573 2335 destructa

337 2370 463 2432 sint
497 2388 659 2431 vera
698 2367 878 2448 apud
914 2363 1070 2429 illos
1117 2385 1237 2448 per
1273 2366 1843 2429 adulterationem
1882 2366 2114 2442 Verbi,
2155 2364 2574 2447 significatur

336 2482 446 2544 per
492 2462 798 2525 “Parate
851 2458 1003 2522 filiis
1048 2458 1193 2540 ejus
1238 2457 1746 2535 mactationem,
1795 2468 1870 2523 ut
1915 2480 2051 2522 non
2099 2469 2455 2542 resurgant
2500 2470 2571 2523 et

338 2556 725 2637 possideant
784 2565 1057 2629 terram,
1110 2563 1181 2618 et
1235 2553 1646 2635 impleantur
1696 2553 1898 2617 facies
1951 2564 2171 2618 terrae
2226 2555 2499 2618 urbibus
2522 2552 2574 2631 ;”

339 2670 449 2731 per
507 2648 870 2713 “terram’'
929 2646 1336 2729 intelligitur
1394 2646 1684 2711 ecclesia
1747 2649 1816 2711 in
1881 2669 2012 2730 qua
2076 2669 2257 2723 vera,
2319 2657 2390 2712 et
2456 2667 2575 2729 per

343 2750 379 2775 ‘⁴
400 2744 639 2808 urbes”
666 2742 1143 2825 intelliguntur
1169 2740 1567 2806 doctrinalia
1589 2763 1680 2805 ex
1708 2744 1908 2806 meris
1932 2742 2153 2821 salsis;
2192 2744 2372 2825 quod
2398 2744 2572 2825 peri-

340 2849 481 2903 tura
522 2840 663 2905 sint
712 2838 941 2901 omnia
984 2857 1146 2900 vera
1182 2856 1222 2900 a
1268 2836 1496 2918 primis
1541 2838 1630 2901 ad
1675 2837 1936 2913 ultima,
1985 2838 2402 2921 significatur
2456 2858 2575 2920 per

340 2933 509 3015 quod
560 2932 1063 2995 “exscindetur
1118 2930 1355 2994 Babeli
1415 2950 1665 2994 nomen
1725 2941 1795 2996 et
1853 2932 2217 3008 residuum,
2272 2930 2445 2995 filius
2503 2942 2577 2995 et

342 3047 542 3109 nepos
563 3026 617 3105 ;'’
666 3026 849 3109 quod
883 3045 1153 3107 prorsus
1180 3025 1343 3089 nihil
1369 3027 1508 3090 veri
1533 3045 1996 3090 remansurum
2025 3028 2133 3103 sit,
2160 3024 2578 3109 significatur

344 3138 455 3200 per
491 3120 925 3185 “Everretur
954 3120 1178 3201 scopis
1211 3120 1615 3201 perdendo.”
1704 3118 2068 3185 Sciendum
2101 3130 2208 3185 est
2239 3116 2422 3203 quod
2460 3139 2578 3202 per

348 3212 611 3278 “filios”
648 3216 718 3278 in
765 3213 933 3277 locis
979 3234 1181 3296 supra
1223 3212 1448 3277 allatis
1494 3213 1959 3296 significentur
2003 3213 2096 3277 illi
2134 3215 2246 3296 qui
2291 3216 2358 3277 in
2403 3215 2578 3277 veris

345 3318 452 3372 aut
488 3310 601 3391 qui
638 3310 708 3371 in
744 3307 930 3371 falsis
968 3318 1165 3386 sunt;
1211 3318 1284 3370 at
1322 3309 1478 3389 quia
1512 3328 1750 3372 sensus
1787 3309 2148 3391 spiritualis
2181 3308 2393 3372 Verbi
2440 3328 2577 3372 non

347 3401 587 3485 aliquid
624 3422 990 3466 commune
1028 3402 1237 3465 habet
1271 3421 1424 3465 cum
1462 3404 1788 3484 personis,
1821 3404 1976 3467 ideo
2007 3404 2074 3465 in
2106 3424 2189 3467 eo
2221 3422 2423 3465 sensu
2460 3423 2582 3485 per

350 3494 569 3559 “filios
584 3496 615 3522 ’'
652 3494 1127 3577 significantur.
1158 3516 1317 3559 vera
1353 3505 1471 3559 aut
1516 3494 1685 3559 salsa
1721 3495 2062 3561 abstracte
2099 3497 2188 3560 ab
2231 3496 2382 3559 idea
2427 3516 2579 3578 per-

349 3608 585 3669 sonae3
661 3590 845 3673 quod
910 3610 1147 3653 sensus
1214 3588 1576 3672 spiritualis
1643 3590 1800 3655 talis
1865 3591 1974 3666 sit,
2039 3600 2145 3654 est
2208 3592 2365 3674 quia
2429 3592 2583 3656 idea

350 3703 669 3764 personae
702 3684 848 3750 finit
881 3686 1373 3768 cogitationem
1410 3695 1481 3749 et
1518 3684 1660 3767 ejus
1697 3688 2174 3750 extensionem
2211 3688 2280 3749 in
2318 3686 2582 3750 caelum

350 3796 920 3861 quaquaversum;
982 3780 1203 3843 omnis
1248 3780 1427 3843 enim
1474 3780 1826 3861 cogitatio,
1874 3801 2045 3863 quae
2091 3800 2182 3843 ex
2227 3777 2582 3845 affectione

350 3872 479 3935 veri
510 3874 844 3953 procedit,
870 3874 1060 3937 vadit
1094 3893 1215 3955 per
1238 3873 1501 3937 caelum
1527 3873 1994 3957 undequaque,
2023 3894 2148 3939 nec
2183 3876 2585 3940 terminatur

354 3966 468 4028 nisi
502 3968 685 4031 sicut·
712 3967 831 4030 lux
869 3968 937 4031 in
971 3968 1319 4047 umbram;
1367 3976 1440 4031 at
1478 3986 1631 4031 cum
1665 3970 2007 4050 cogitatur
2037 3968 2234 4033 simul
2272 3989 2581 4053 persona,

353 4068 505 4123 tunc
551 4062 956 4125 terminatur
1000 4063 1154 4126 idea
1207 4061 1319 4125 ubi
1373 4082 1664 4143 persona
1707 4071 1834 4138 est,
1883 4073 1954 4127 et
2011 4082 2164 4127 cum
2218 4063 2332 4127 illa
2377 4065 2584 4127 etiam

355 4152 837 4237 intelligentia:
894 4156 1063 4219 haec
1120 4176 1324 4219 causa
1377 4166 1483 4219 est
1520 4157 1702 4239 quod
1759 4175 1877 4238 per
1933 4156 2210 4221 “filios”
2263 4159 2329 4221 in
2385 4179 2586 4222 sensu

356 4249 671 4327 spirituali
708 4249 1172 4332 significentur
1206 4271 1368 4314 vera
1402 4261 1520 4314 aut
1560 4251 1731 4313 falsa
1765 4250 2128 4316 abstracte.

464 4349 777 4434 725[a].
833 4350 1039 4433 Quod
1087 4351 1319 4416 “filius
1372 4351 1720 4416 masculus
1739 4352 1770 4377 ''
1813 4352 2154 4435 significet
2199 4353 2584 4418 doctrinam

358 4444 487 4504 veri
522 4462 645 4524 pro
677 4442 967 4507 ecclesia
997 4466 1168 4527 quae
1207 4444 1405 4508 Nova
1444 4443 1926 4527 Hierosolyma
1955 4457 2257 4521 vocatur,
2294 4455 2398 4508 est
2429 4447 2585 4528 quia

361 4548 471 4610 pel·
515 4534 834 4599 “filium’'
878 4534 1301 4616 significatur
1344 4555 1581 4599 Verum
1627 4552 1704 4612 (ut
1729 4566 1860 4599 nunc
1892 4566 2039 4611 supra
2070 4558 2314 4599 ostensum
2349 4552 2466 4612 est),
2513 4546 2584 4599 et

361 4640 470 4701 per
525 4625 790 4691 “filium
848 4627 1268 4691 masculum”
1322 4627 1738 4711 significatur
1793 4648 2026 4693 verum
2085 4627 2434 4693 doctrinae
2493 4649 2582 4691 ex
