3259 5384
922 682 1083 733 cAP.
1118 682 1275 745 κη,
1307 682 1515 733 vERs.
1549 681 1774 750 9.-Ν,
1808 666 2050 751 740[c].
2433 680 2600 749 ²077

656 854 690 878 ¹·
704 852 829 903 Vidi
852 864 1097 905 satanam
1120 852 1259 903 sicut
1281 852 1487 902 fulmen
1516 867 1545 900 e
1570 851 1721 901 caelo
1743 852 2025 901 cadentem
2040 849 2068 870 '⁸
2092 849 2164 913 (x,
2193 851 2306 913 18):

354 1012 479 1075 per
508 996 875 1056 “satanam
891 992 923 1017 '⁹
945 992 1052 1056 hic
1078 991 1292 1055 simile
1318 989 1734 1073 significatur
1759 992 1938 1073 quod
1973 1010 2090 1072 per
2121 988 2603 1064 “draconem,”

354 1087 471 1167 qui
516 1106 787 1169 quoque
831 1088 897 1149 in
943 1086 1137 1149 caelo
1183 1088 1362 1149 visus
1406 1096 1537 1159 est,
1584 1106 1665 1149 ac
1721 1106 1760 1148 e
1807 1084 1998 1148 caelo
2043 1082 2416 1165 projectum
2479 1085 2599 1147 sed

358 1180 681 1243 “draco”
731 1191 840 1244 est
892 1182 1002 1263 qui
1056 1181 1323 1262 proprie
1379 1179 1783 1261 intelligitur
1839 1199 1958 1260 per
2005 1178 2469 1253 “diabolum,”
2522 1198 2600 1241 ac

358 1274 649 1355 “angeli
686 1272 825 1353 ejus
841 1273 871 1300 ’⁹
906 1275 1018 1356 qui
1053 1273 1531 1354 intelliguntur
1568 1293 1688 1354 per
1728 1272 2154 1337 “satanam.”
2244 1269 2446 1352 Quod
2485 1292 2604 1353 per

360 1368 708 1450 “angelos
740 1369 1050 1431 draconis
1066 1368 1097 1394 ”
1127 1367 1598 1449 intelligantur
1627 1367 1796 1431 falsa
1829 1368 2007 1443 mali,
2043 1368 2109 1429 in
2143 1366 2601 1448 subsequente

355 1463 787 1544 paragrapho
832 1462 1208 1540 videbitur;
1272 1461 1451 1544 quod
1494 1467 1830 1524 “satanas
1877 1461 2203 1524 deciderit
2256 1482 2294 1524 e
2350 1460 2604 1534 caelo,”

355 1554 699 1638 significat
744 1557 927 1639 quod
974 1557 1305 1620 Dominus
1352 1576 1470 1638 per
1516 1555 1836 1619 Divinum
1883 1556 2162 1629 Verum,
2206 1556 2386 1637 quod
2435 1564 2598 1619 tunc

355 1650 511 1731 Ipse
558 1651 702 1727 suit,
742 1672 781 1714 e
827 1652 1018 1715 caelo
1054 1654 1282 1715 omnia
1324 1650 1495 1714 salsa
1538 1651 1902 1732 expulerit,
1943 1659 2015 1713 et
2059 1650 2240 1732 quod
2289 1650 2605 1731 subjuga·

352 1746 525 1808 verit
572 1746 691 1808 illa
734 1746 991 1808 inferna
1027 1765 1200 1828 quae
1241 1746 1623 1809 “satanas”
1668 1754 2022 1819 vocantur,
2064 1743 2372 1807 similiter
2416 1743 2598 1825 quod

354 1836 662 1899 Michael
700 1836 1029 1917 dejecerit
1063 1837 1499 1900 “draconem
1536 1845 1610 1900 et
1647 1836 1941 1918 angelos
1973 1834 2116 1918 ejus
2133 1834 2164 1859 ’⁸
2185 1850 2463 1911 (dequibus
2485 1863 2600 1896 mox

350 1944 515 1990 mr
538 1946 592 1977 Π·
620 1930 791 1996 737)-

480 2008 611 2093 [0.]
672 2009 889 2092 Apud
924 2009 1242 2085 Hiobum,

450 2139 623 2191 “Fuit
620 2140 785 2255 saitis,
795 2156 917 2254 cium
946 2150 1210 2255 irgine-flunt
1238 2140 1330 2231 filii
1368 2140 1567 2255 Degad
1602 2138 2034 2255 stssnduffagugoe
2061 2138 2425 2253 Jehovztijmhet
2451 2138 2607 2253 venig

622 2270 691 2321 Et
716 2221 996 2333 ηερῖἔὲιῖι
1010 2204 1809 2335 ’ἔέωἳῖἑᾟὲἑνὲἒῗέῗαῗέῑῖ,
1839 2270 1902 2321 A.
1925 2214 2271 2333 „affata
2291 2216 2603 2327 ‘223322‘32

621 2338 692 2385 ab
724 2336 1051 2385 ambulando
1087 2352 1181 2398 per
1214 2335 1386 2385 eam.”
1458 2336 1524 2385 Et
1558 2336 1707 2385 dedit
1739 2336 1983 2400 Jehovah
2019 2334 2250 2383 Satanae
2292 2334 2346 2384 in
2381 2347 2604 2382 manum

619 2403 807 2451 omnia
827 2402 1011 2461 Hiobi,
1030 2404 1127 2451 sed
1150 2417 1219 2451 ne
1242 2402 1298 2451 in
1324 2402 1475 2450 illum
1495 2401 1732 2451 mitteret
1751 2414 2001 2457 manum:
2037 2414 2099 2449 ac
2123 2408 2314 2463 postea
2335 2407 2396 2448 ut
2419 2408 2606 2461 tange-

620 2477 705 2518 ret
732 2482 795 2517 os
818 2477 873 2517 et
896 2482 1113 2517 carnem
1138 2467 1257 2530 ejus
1280 2463 1389 2530 (ΜΞ.
1414 2467 1545 2516 6-12
1566 2482 1579 2526 ;
1613 2480 1728 2529 cap.
1755 2463 1862 2515 [flii.
1891 2466 2038 2527 1-7):

356 2600 537 2682 quod
586 2599 757 2663 haec
805 2600 941 2663 sint
986 2600 1307 2663 historica
1359 2596 1559 2673 facta,
1601 2620 1690 2662 ex
1748 2597 2048 2680 pluribus
2102 2598 2170 2660 in
2231 2595 2348 2659 illo
2394 2595 2604 2659 Libro

354 2706 674 2759 constare
706 2703 957 2775 potest.
1044 2692 1247 2757 Liber
1274 2692 1487 2755 Hiobi
1511 2703 1617 2756 est
1651 2693 1819 2756 liber
1845 2692 2196 2755 Ecclesiae
2222 2691 2598 2773 Antiquae,

356 2790 599 2870 plenus
635 2789 1271 2869 correspondentiis,
1314 2787 1682 2849 secundum
1730 2787 2008 2849 modum
2047 2785 2382 2848 scribendi
2427 2783 2602 2847 illius

356 2884 728 2965 temporis;
774 2882 895 2945 sed
935 2902 1141 2964 usque
1182 2892 1287 2945 est
1335 2881 1502 2943 liber
1539 2891 1894 2962 praestans
1932 2890 2003 2943 et
2049 2880 2251 2943 utilis.
2343 2878 2602 2960 Angeli

356 3000 439 3043 eo
482 2989 793 3058 tempore
831 2974 993 3039 dic'ti
1037 2976 1304 3039 fuerunt
1347 2974 1518 3038 “filii
1566 2974 1754 3049 Dei‚”
1790 2976 1945 3057 quia
1982 2994 2101 3056 per
2140 2972 2370 3037 “filios
2417 2970 2606 3048 Dei,”

356 3094 572 3157 aeque
625 3092 705 3135 ac
768 3091 884 3153 per
932 3068 1334 3152 “angeloS,‘”
1386 3067 1738 3133 intellefita
1791 3080 1948 3131 sunt
2003 3068 2249 3131 Divina
2302 3088 2480 3141 vera,
2523 3086 2603 3130 ac

356 3188 479 3249 per
534 3164 951 3230 “satanam’'
1003 3164 1353 3228 infernalia
1410 3164 1615 3227 falsa:
1673 3173 1743 3226 et
1799 3164 1955 3245 quia
2011 3163 2267 3225 inferna
2327 3169 2605 3224 tentant

357 3262 673 3325 homines
726 3280 846 3342 per
898 3259 1087 3333 falsa,
1136 3268 1212 3321 ut
1266 3268 1508 3339 postea
1556 3256 1878 3329 Hiobum,
1927 3266 1998 3321 et
2054 3258 2210 3339 quia
2254 3255 2603 3318 infernalia

356 3356 527 3419 falsa
558 3355 1011 3418 discutiuntur
1042 3373 1162 3436 per
1192 3353 1441 3415 Divina
1465 3371 1646 3427 vera,
1675 3352 1829 3415 ideo
1861 3351 2103 3414 dicitur
2134 3350 2314 3432 quod
2345 3348 2600 3412 “Sata-

360 3470 485 3514 nas
530 3450 801 3512 steterit
847 3449 914 3511 in
960 3448 1186 3511 medio
1230 3446 1516 3510 filiorum
1555 3445 1740 3508 Dei.”
1829 3444 2008 3525 Quid
2054 3444 2312 3525 reliqua
2349 3440 2604 3523 signifi-

358 3556 544 3619 cant,
584 3544 691 3607 hic
730 3542 1075 3623 explicare
1112 3542 1601 3615 intermittitur,
1644 3540 1960 3623 quoniam
1997 3538 2113 3602 illa
2155 3539 2225 3602 in
2268 3558 2390 3601 sua
2435 3539 2605 3601 serie

361 3638 717 3702 lustranda
751 3647 931 3700 sunt.
1020 3635 1227 3717 Apud
1266 3634 1618 3710 Davidem,

462 3774 493 3795 ‘⁴
508 3754 725 3821 Ponun't
748 3785 911 3833 super
933 3784 1018 3819 me
1044 3768 1243 3819 malum
1271 3784 1369 3831 pro
1391 3770 1552 3826 bono,
1573 3776 1625 3816 et
1650 3767 1830 3817 odium
1857 3781 1954 3829 pro
1977 3781 2162 3815 amore
2187 3780 2310 3815 meo
2332 3780 2344 3825 ;
2380 3764 2608 3828 praefice

627 3836 702 3885 illi
732 3836 1050 3899 improbum,
1076 3846 1129 3885 et
1156 3846 1373 3884 satanas
1402 3842 1508 3882 stet
1535 3834 1603 3881 ad
1630 3833 1874 3881 dextram
1905 3832 2023 3894 ejus
2037 3830 2066 3851 '⁹
2091 3831 2200 3893 (ΡΒ.
2225 3832 2322 3880 cix.
2351 3842 2394 3891 5,
2419 3831 2500 3893 6):

360 3970 515 4044 hoc,
555 3970 731 4033 sicut
769 3968 1088 4049 pleraque
1126 3968 1191 4030 in
1232 3964 1506 4048 psalmis
1544 3964 1844 4038 Davidis,
1879 3974 1986 4027 est
2017 3963 2486 4045 propheticum
2520 3963 2607 4026 de

363 4064 697 4137 Domine,
744 4073 815 4126 et
869 4063 956 4126 de
1008 4060 1505 4125 tentationibus
1565 4060 1803 4140 IpsiuS,
1860 4079 2026 4140 quas
2082 4078 2241 4139 prae
2294 4058 2607 4121 omnibus

358 4158 884 4222 immanissimas
922 4158 1279 4233 sustinuit;
1326 4165 1397 4219 et
1434 4156 1591 4237 quia
1628 4154 1961 4218 Dominus
2007 4154 2072 4216 in
2113 4153 2608 4217 tentationibus

362 4254 497 4316 suis
524 4252 904 4325 exDivino
936 4250 1194 4314 Amore
1220 4259 1459 4313 contra
1490 4250 1767 4321 inferna,
1796 4268 1966 4329 quae
1994 4248 2130 4328 Ipsi
2160 4247 2610 4310 infensissima

361 4348 653 4423 fuerunt,
704 4347 1055 4428 pugnavit,
1099 4344 1366 4419 dicitur,
1410 4343 1738 4406 “Ponunt
1785 4362 1985 4422 super
2031 4362 2136 4404 me
2184 4341 2436 4403 malum
2484 4360 2608 4422 pro

362 4442 565 4519 bone,
605 4452 681 4505 et
719 4442 949 4504 odium
989 4460 1110 4521 pro
1145 4459 1375 4503 amore
1413 4437 1641 4502 me0:'’
1688 4448 1758 4501 et
1804 4438 1958 4519 quia
1993 4435 2312 4499 infernale
2351 4435 2606 4499 malum

362 4547 431 4601 et
458 4536 706 4601 falsum
742 4535 1087 4616 praevalet
1118 4534 1298 4616 apud
1336 4534 1511 4609 illos,
1546 4533 1810 4606 dicitur,
1845 4538 1883 4564 ‘⁴
1904 4529 2196 4595 Praefice
2226 4529 2322 4592 illi
2353 4532 2607 4611 impro-

362 4632 537 4712 bum,
565 4641 643 4696 et
675 4642 955 4695 satanas
978 4638 1115 4693 stet
1139 4628 1227 4693 ad
1260 4628 1579 4693 dextram
1604 4626 1746 4711 ejus
1767 4626 1822 4707 ;”
1863 4630 1902 4658 ‘⁸
1921 4637 2100 4690 stare
2127 4623 2213 4689 ad
2238 4624 2558 4687 dextram
2574 4621 2606 4647 ’⁸
