3259 5384
1025 647 1189 699 cnr.
1223 647 1379 711 κη,
1415 647 1623 699 vans.
1661 649 1883 717 3.-Ν,
1915 635 2060 718 716.
2502 637 2659 720 1963

417 816 660 898 spiritu
696 833 930 880 eorum
967 818 1243 892 residet,
1279 827 1474 900 patet
1513 817 1630 882 illa
1668 818 2027 883 manifeste
2056 819 2333 902 quando
2369 828 2662 882 externa
2706 850 2709 853 ·

415 920 877 986 removentur,
917 921 992 974 ut
1037 911 1114 975 fit
1161 913 1228 975 in
1276 913 1533 976 mundo
1577 912 1930 995 spirituali.
2022 913 2123 977 At
2163 914 2513 978 sciendum
2552 923 2659 977 est

414 1006 596 1088 quod
643 1007 903 1069 astutia
953 1027 1128 1089 quae
1183 1027 1302 1089 per
1351 1008 1723 1071 “draconis
1776 1008 2033 1090 caput”
2078 1007 2521 1090 significatur,
2568 1009 2659 1072 sit

413 1101 672 1162 astutia
716 1101 1151 1182 pervertendi
1189 1121 1350 1164 vera
1395 1111 1466 1165 et
1514 1102 1697 1164 bona
1744 1101 1955 1166 Verbi
2002 1123 2123 1184 per
2167 1103 2523 1166 ratiocinia
2568 1123 2659 1166 ex

411 1193 700 1257 fallaciis
751 1204 824 1258 et
877 1215 968 1256 ex
1025 1195 1436 1276 sophistici3‚
1487 1205 1635 1258 tum
1688 1217 1779 1258 ex
1836 1197 2263 1279 persuasiviS,
2314 1216 2433 1278 per
2486 1217 2659 1278 quae

411 1286 806 1352 intellectus
863 1289 1252 1364 fascinatur,
1313 1292 1408 1353 sic
1469 1291 1857 1354 inducendo
1914 1290 2101 1353 falsis
2162 1292 2425 1374 species
2482 1293 2657 1354 sicut

411 1393 646 1446 essent
684 1403 864 1446 vera.
957 1381 1162 1464 Quod
1207 1385 1306 1447 ita
1351 1386 1462 1459 sit,
1503 1395 1825 1448 constare
1862 1386 2075 1448 etiam
2115 1395 2349 1467 potest
2387 1405 2478 1447 ex
2515 1405 2657 1448 ser·
2741 1437 2760 1453 .

411 1486 622 1558 pente
659 1497 751 1540 ex
788 1497 923 1560 quo
959 1479 1154 1560 primi
1193 1486 1516 1561 parentes
1552 1476 1815 1542 seducti
1852 1489 2035 1554 sunt,
2075 1479 2161 1542 de
2198 1499 2334 1562 quo
2369 1479 2638 1554 dicitur,

659 1626 818 1692 Quod
843 1623 1018 1678 iactus
1043 1627 1113 1677 sit
1137 1628 1385 1678 “astutus
1411 1643 1538 1691 prae
1562 1629 1713 1678 omni
1737 1627 1852 1678 fera
1873 1628 1989 1692 agri
2004 1627 2033 1647 ”
2057 1627 2201 1690 (Gen.
2227 1628 2298 1678 iii.
2328 1627 2405 1690 1):

413 1787 534 1851 per
567 1767 762 1832 illum
803 1773 1254 1850 “serpentem
1272 1768 1304 1794 ”
1341 1769 1562 1833 simile
1599 1768 2011 1851 intelligitur
2046 1769 2229 1852 quod
2274 1789 2394 1851 per
2426 1767 2655 1832 “dra-

413 1881 657 1925 eonem
681 1862 735 1940 ;”
791 1883 1002 1946 quare
1055 1863 1164 1926 hic
1211 1864 1422 1926 etiam
1468 1873 1755 1926 vocatur
1804 1870 2140 1946 “serpens
2184 1865 2503 1946 antiquus
2531 1911 2548 1926 .
2575 1911 2591 1927 .
2618 1912 2634 1925 .

413 1957 746 2020 seducens
783 1958 1172 2020 universum
1208 1957 1506 2032 orbem,”
1542 1975 1742 2021 versu
1776 1975 1821 2038 9
1854 1958 2050 2040 hujus
2087 1959 2355 2040 capitis,

525 2056 722 2137 716.
763 2055 884 2117 “ft
902 2073 1138 2118 cornua
1164 2055 1733 2137 decom.”—Quod
1756 2055 2100 2137 significet
2124 2056 2407 2119 multam
2416 2066 2653 2138 poten⁴

409 2145 596 2220 tiam,
631 2157 908 2210 constat
943 2168 1034 2210 ex
1066 2147 1568 2229 significatione
1605 2147 1968 2223 “cornu5,‘'
2000 2149 2181 2231 quod
2217 2151 2305 2211 sit
2338 2151 2656 2230 potentia

407 2242 550 2304 veri
587 2251 829 2304 contra
865 2241 1108 2304 falsum
1147 2251 1218 2306 et
1257 2241 1536 2316 malum,
1577 2261 1657 2305 ac
1696 2243 1765 2305 in
1804 2243 2125 2324 opposito
2162 2262 2367 2306 sensu
2404 2252 2653 2324 poten—

409 2333 506 2395 tia
538 2331 691 2395 salsi
727 2343 974 2396 contra
1006 2351 1242 2395 Verum
1280 2342 1352 2396 et
1389 2333 1649 2395 bonum
1687 2349 1771 2407 (de
1790 2363 1891 2406 qua
1909 2363 2069 2408 supra.
2092 2363 2140 2397 n.
2167 2334 2308 2412 316,
2336 2334 2481 2414 567)
2509 2357 2526 2413 3
2580 2345 2653 2399 et

406 2444 498 2487 ex
553 2424 1056 2506 significatione
1112 2425 1475 2500 “decem,”
1528 2426 1713 2507 quod
1772 2427 1909 2489 sint
1970 2445 2209 2489 omnes
2268 2436 2339 2490 et
2400 2428 2650 2501 omnia,

407 2527 555 2578 tum
601 2516 801 2580 multi
845 2527 918 2580 et
967 2517 1189 2580 multa
1231 2531 1317 2592 (de
1343 2545 1444 2590 qua
1469 2532 1612 2578 etiam
1642 2546 1803 2592 supra.
1833 2547 1882 2581 n.
1910 2518 2102 2598 675);
2164 2519 2323 2581 inde
2368 2529 2652 2584 Constat

404 2609 588 2691 quod
654 2629 774 2691 per
834 2613 1147 2673 “cornua
1205 2609 1494 2672 decem”
1553 2609 1974 2691 significetur
2030 2612 2347 2692 potentia
2412 2611 2649 2674 multa.

406 2701 610 2783 Quod
649 2704 985 2767 “draconi
1002 2703 1032 2729 ’⁸
1065 2703 1282 2767 multa
1314 2705 1631 2786 potentia
1661 2703 1881 2778 fuerit,
1916 2714 2196 2767 constat
2236 2725 2327 2767 ex
2360 2723 2651 2787 sequen-

403 2797 608 2872 tibus,
659 2815 908 2879 nempe
959 2798 1141 2881 quod
1195 2807 1477 2880 propter
1520 2797 1711 2860 illam
1762 2797 1993 2861 “filius
2038 2797 2401 2873 masculus,
2450 2817 2651 2881 quem

403 2892 670 2972 peperit
729 2890 988 2967 mulier,
1035 2901 1274 2974 raptus
1319 2892 1411 2954 sit
1463 2892 1554 2954 ad
1609 2891 1832 2954 Deum
1861 2891 1914 2970 ;”
1972 2892 2156 2975 quod
2207 2893 2482 2956 “cauda
2531 2914 2653 2956 sua

401 2984 788 3049 detraxerit
833 3007 872 3048 e
919 2985 1114 3049 caelo
1159 2987 1436 3050 tertiam
1484 2995 1753 3068 partem
1791 2985 2145 3049 stellarum
2172 2985 2227 3064 ;”
2273 2995 2419 3050 tum
2466 2989 2649 3070 quod

407 3081 1060 3161 “pugnaveritcum
1089 3079 1430 3143 Michaele
1461 3089 1532 3142 et
1565 3099 1721 3142 cum
1745 3079 2011 3160 angelis
2045 3079 2185 3161 ejus
2215 3079 2269 3158 ;”
2306 3089 2378 3144 et
2405 3091 2650 3162 postea

402 3175 586 3256 quod
645 3176 777 3237 “in
837 3174 1092 3238 bellum
1147 3184 1391 3237 contra
1445 3171 1725 3237 sanctos
1780 3175 2195 3241 excitaverit
2250 3173 2521 3256 Gogum
2575 3187 2649 3246 et

403 3265 806 3350 Magogum,
856 3279 928 3332 et
974 3277 1224 3350 gentes
1267 3269 1536 3350 ingenti
1581 3267 1922 3332 nurnero.”
2013 3267 2217 3350 Quod
2260 3269 2645 3334 “draconi'’

403 3361 564 3425 talis
608 3363 925 3444 potentia
958 3362 1178 3438 suerit,
1219 3371 1368 3426 erat
1414 3363 1571 3444 quia
1615 3381 1738 3444 per
1780 3360 1975 3425 illum
2019 3360 2500 3442 intelliguntur
2536 3365 2650 3447 qui

401 3455 607 3521 fidem
645 3466 1132 3538 separaverunt
1171 3477 1213 3520 a
1249 3457 1446 3519 bonis
1483 3456 2075 3538 charitatiS,.quae
2113 3467 2275 3520 sunt
2312 3477 2541 3539 opera,
2574 3469 2647 3522 et

399 3551 890 3615 confirmarunt
945 3551 1014 3615 id
1075 3571 1194 3633 per
1245 3569 1522 3614 sensum
1576 3549 1853 3614 litterae
1906 3549 2141 3624 Verbi,
2195 3570 2399 3633 quem
2452 3553 2549 3615 sic
2608 3571 2652 3614 a

398 3649 703 3729 genuino
739 3665 862 3709 suo
899 3664 1110 3710 sensu
1145 3653 1570 3708 retorserunt
1607 3655 1681 3708 et
1728 3645 1905 3707 sicut
1950 3664 2043 3706 ex
2088 3643 2283 3708 caelo
2320 3645 2648 3709 detraxe·-

401 3750 600 3820 runt3
655 3761 736 3804 ac
783 3741 852 3804 in
895 3739 1036 3803 fine
1075 3739 1429 3814 ecclesiae,
1477 3738 1564 3802 de
1610 3759 1746 3820 quo
1791 3740 1859 3802 in
1903 3737 2111 3801 Libro
2153 3738 2217 3801 A
2220 3739 2650 3822 pocalypseos

399 3838 651 3918 agitur,
685 3835 872 3899 nulla
907 3845 1015 3899 est
1047 3835 1350 3898 charitas
1379 3855 1396 3912 ;
1442 3833 1600 3897 inde
1640 3843 1803 3896 tunc
1836 3833 2115 3896 draconi
2153 3843 2259 3897 est
2294 3836 2644 3916 potentia:

401 3933 684 4014 quisque
729 3932 912 3994 enim
957 3931 1025 3993 in
1073 3929 1206 3993 fine
1251 3928 1586 3992 ecclesiae
1624 3927 1773 3990 vult
1812 3928 2039 3990 vivere
2086 3927 2233 4004 sibi,
2274 3930 2529 3992 mundo
2575 3940 2648 3992 et

399 4026 629 4107 genie,
663 4035 737 4089 et
774 4025 970 4107 pauci
1009 4023 1331 4098 Domin0,
1365 4023 1561 4088 caelo
1599 4032 1672 4087 et
1708 4025 1895 4086 vitae
1930 4034 2295 4102 aeternae3
2342 4043 2421 4086 ac
2462 4024 2647 4106 prin-

401 4119 650 4202 cipium
697 4119 786 4182 de
837 4118 988 4181 sola
1031 4117 1186 4194 fide,
1233 4137 1409 4200 quae
1461 4126 1570 4182 est
1617 4116 1787 4180 fides
1833 4126 2152 4200 separata
2197 4137 2238 4179 a
2282 4115 2644 4190 charitate,

399 4215 583 4279 favet
616 4212 716 4277 illi
745 4214 955 4288 vitae,
990 4223 1062 4276 et
1100 4215 1274 4276 sicut
1307 4231 1483 4275 vena
1514 4211 1807 4274 fluminis
1839 4211 2122 4275 trahens
2154 4211 2372 4274 aufert
2407 4229 2647 4275 omnes

401 4309 484 4371 ad
513 4309 584 4372 id
618 4307 1036 4372 credendum
1067 4317 1140 4371 et
1175 4307 1264 4370 ad
1298 4307 1392 4371 sic
1424 4306 1833 4383 vivendum;
1881 4306 2039 4370 inde
2072 4315 2178 4369 est
2212 4306 2393 4387 quod
2432 4305 2645 4368 “dra-

402 4401 614 4477 coni,”
659 4421 783 4484 per
826 4419 1030 4484 quem
1084 4399 1262 4463 tales
1315 4409 1386 4463 et
1441 4399 1611 4463 talia
1656 4399 2157 4481 intelliguntur,
2206 4399 2644 4481 apparuerint

405 4497 700 4561 “decem
747 4493 1061 4558 cornua.”
1151 4493 1426 4558 Dictum
1471 4503 1578 4558 est
1636 4495 1817 4577 prius
1860 4493 2043 4576 quod
2088 4493 2275 4556 falsis
2321 4513 2411 4555 ex
2457 4493 2643 4556 malo

403 4609 669 4672 prorsus
715 4588 908 4654 nulla
954 4591 1268 4672 potentia
1313 4590 1444 4670 sit;
1505 4590 1630 4654 sed
1675 4590 2028 4653 sciendum
2074 4597 2181 4652 est
2226 4587 2409 4671 qnod
2456 4585 2644 4650 salsis
