3259 5384
722 624 888 705 2198
1337 637 1840 691 APOCALvPsm
1885 640 2334 691 EXPLICATA.

720 824 892 888 quae
930 825 1053 887 pro
1090 802 1419 871 ecclesia:
1469 828 1559 871 ex
1598 806 2098 891 significatione
2121 808 2566 886 ·“draconis,”
2603 809 2778 891 quod
2811 809 2924 871 siut

720 901 832 981 qui
866 901 931 961 in
958 898 1089 964 fide
1115 912 1433 982 separata
1455 923 1496 966 a
1521 903 1861 968 charitate
1887 914 2068 976 sunt,
2097 901 2406 969 doGtrina
2431 914 2504 968 et
2535 905 2700 977 vita,
2723 904 2812 967 ita
2833 903 2925 985 qui

720 1005 1109 1076 agnoscunt
1147 996 1608 1062 salvationem
1644 1007 1716 1061 et
1745 996 2312 1078 justificationem
2349 1019 2470 1081 per
2501 1000 2722 1063 solam
2751 998 2926 1061 fidem

722 1103 807 1159 (de
826 1114 927 1161 qua
944 1104 1384 1170 supra.n.714):
1434 1101 1507 1154 et
1550 1111 1644 1155 ex
1679 1091 2184 1172 significatione
2225 1094 2658 1174 “potestatis
2694 1094 2926 1157 bestiae

722 1200 811 1243 ex
852 1180 1210 1257 dracone,'’
1248 1183 1428 1265 quod
1466 1184 1557 1247 sit
1594 1183 1890 1249 firmatio
1937 1194 2008 1249 et
2055 1186 2524 1249 corroboratio
2570 1185 2746 1249 illius
2779 1186 2926 1265 dog·

720 1277 927 1339 matis
982 1297 1101 1358 per
1153 1279 1472 1343 inventas
1525 1279 2046 1359 conjunctiones
2105 1279 2262 1343 fidei
2316 1300 2472 1345 cum
2521 1280 2830 1362 operibus
2859 1297 2930 1352 (de

720 1386 897 1443 quibus
922 1399 1082 1445 supra.
1110 1401 1159 1433 n.
1189 1372 1377 1452 786):
1439 1373 1597 1435 inde
1650 1381 1933 1437 constat
1989 1374 2174 1456 quod
2231 1390 2353 1456 per
2405 1373 2930 1437 “Adoraverunt

722 1462 1113 1537 draconem,
1133 1464 1243 1546 qui
1263 1465 1453 1528 dedit
1474 1474 1897 1546 potestatem
1918 1464 2240 1540 bestiae,”
2257 1464 2678 1547 significetur
2695 1466 2930 1547 agnitio

722 1555 1123 1621 salvationis
1175 1568 1247 1621 et
1302 1558 1808 1638 justificationis
1853 1580 1974 1641 per
2031 1559 2250 1625 solam
2297 1559 2524 1634 fidem,
2573 1558 2830 1623 firmata
2867 1568 2928 1623 et

722 1651 1165 1715 corroborata
1218 1672 1338 1734 per
1390 1652 1710 1717 inventos
1757 1654 2000 1717 modos
2053 1653 2508 1735 conjungendi
2563 1653 2749 1717 illam
2799 1670 2929 1716 cum

721 1742 920 1807 bonis
952 1747 1287 1827 operibuS,
1320 1756 1393 1809 et
1428 1748 1587 1811 inde
1620 1748 1928 1829 receptio
1965 1748 2031 1810 in
2060 1738 2392 1811 doctrina.
2483 1748 2748 1812 Dicitur
2775 1747 2930 1830 quod

723 1837 979 1919 dogma
1036 1840 1122 1903 de
1190 1838 1572 1905 salvatione
1630 1850 1700 1905 et
1754 1840 2242 1922 justificatione
2309 1862 2430 1923 per
2485 1841 2708 1908 solam
2757 1840 2930 1905 fidem

722 1931 1065 1997 firmatum
1116 1943 1190 1997 et
1244 1936 1757 1999 corroboratum
1815 1934 1903 1999 sit
1955 1954 2076 2016 per
2119 1936 2440 1999 inventos
2495 1936 2738 2001 modos
2789 1954 2931 1999 con-

718 2025 1085 2107 junEtionis
1130 2027 1271 2109 ejus
1318 2047 1471 2092 cum
1510 2029 1708 2091 bonis
1745 2028 2102 2109 operibus;
2159 2029 2281 2092 sed
2327 2027 2736 2110 intelligitur
2776 2028 2933 2112 quod

722 2121 889 2185 illud
922 2122 1177 2203 dogma
1208 2122 1598 2185 nullatenus
1632 2143 1750 2204 per
1781 2122 1936 2184 illos
1967 2120 2308 2186 firmatum
2340 2133 2410 2186 et
2443 2124 2931 2187 corroboratum

724 2216 835 2289 sit,
892 2234 1051 2278 nam
1104 2216 1171 2278 id
1222 2236 1341 2298 per
1396 2217 1823 2279 “draconem
1841 2215 1871 2240 '⁹
1924 2214 2351 2297 intelligitur,
2406 2226 2481 2279 et
2533 2216 2932 2281 confirmatio

722 2309 865 2391 ejus
902 2330 1022 2393 per
1050 2312 1406 2375 ratiocinia
1436 2332 1527 2374 ex
1564 2310 1858 2373 naturali
1889 2310 2164 2375 homine
2199 2331 2317 2393 per
2345 2310 2524 2374 hanc
2563 2312 2891 2375 “bestiam
2907 2308 2931 2331 ”

724 2405 1033 2480 traditur,
1070 2415 1141 2470 et
1173 2425 1292 2487 per
1327 2405 1754 2469 “draconem
1771 2404 1802 2428 ”
1835 2414 1905 2468 et
1941 2404 2083 2485 ejus
2118 2405 2464 2468 “bestiam
2481 2405 2512 2429 ”
2538 2404 2930 2487 significatur

724 2498 865 2563 tale
911 2499 1093 2580 quod
1140 2518 1295 2562 cum
1334 2496 1569 2562 Verbo
1614 2498 1983 2573 discordat,
2031 2509 2104 2562 et
2149 2518 2288 2563 non
2335 2498 2658 2581 conjungi
2703 2507 2928 2582 potest.

725 2592 827 2657 Ut
873 2602 1109 2674 pateat
1146 2592 1329 2674 quod
1376 2612 1513 2655 non
1560 2591 1883 2673 conjungi
1921 2593 2161 2675 possit,
2201 2592 2405 2655 velim
2441 2593 2552 2656 hic
2592 2594 2930 2657 ostendere

723 2687 905 2769 quod
945 2687 1095 2750 sola
1130 2686 1297 2750 fides
1336 2706 1668 2769 nusquam
1703 2687 1918 2769 possit
1951 2687 2228 2769 aliquod
2267 2688 2520 2751 bonum
2559 2689 2928 2770 producere,

723 2801 843 2844 seu
880 2782 1061 2863 quod
1107 2802 1198 2845 ex
1246 2781 1393 2845 sola
1430 2780 1562 2844 fide
1599 2780 1838 2863 aliquis
1875 2780 2094 2844 bonus
2131 2778 2386 2845 fructus
2424 2784 2588 2845 dari.
2676 2783 2936 2845 Putatur

729 2876 911 2957 quod
955 2875 1127 2939 fides
1182 2878 1271 2939 sit
1320 2877 1598 2940 credere
1653 2876 1834 2959 quod
1892 2875 2222 2938 Dominus
2273 2895 2509 2957 passus
2557 2878 2646 2939 sit
2693 2893 2936 2941 crucem

726 2989 849 3052 pro
895 2971 1149 3034 nostris
1194 2971 1519 3051 peccatiS,
1566 2980 1639 3035 et
1686 2990 1805 3051 per
1849 2969 1915 3033 id
1963 2968 2326 3033 redemerit
2374 2990 2499 3033 nos
2548 2970 2635 3033 ab
2681 2970 2935 3041 infer-nn,

724 3075 796 3127 et
824 3065 1003 3147 quod
1028 3064 1269 3127 horum
1295 3064 1462 3128 fides
1490 3065 1816 3147 imprimis
1833 3063 2157 3145 justificet
2184 3074 2255 3127 et
2282 3064 2506 3128 salvet
2532 3086 2547 3142 ;
2597 3074 2668 3128 et
2695 3072 2940 3147 praeter

724 3158 862 3234 illa,
903 3160 1083 3241 quod
1122 3158 1289 3222 fides
1326 3159 1414 3222 sit
1453 3160 1731 3222 credere
1768 3159 1950 3240 quod
1999 3158 2183 3221 Deus
2223 3158 2485 3221 triunus
2532 3160 2642 3233 sit,
2683 3158 2934 3221 credere

723 3252 841 3316 illa
878 3272 1049 3335 quae
1088 3254 1154 3315 in
1189 3251 1423 3315 Verbo
1455 3262 1637 3328 sunt,
1672 3253 1946 3315 credere
1982 3254 2195 3315 vitam
2229 3262 2604 3327 aeternam,
2643 3261 2711 3315 et
2743 3270 2937 3314 resur·

723 3344 1095 3411 rectionem
1128 3347 1236 3410 die
1274 3347 1493 3409 ultimi
1524 3346 1774 3428 judicii,
1809 3356 1879 3410 et
1920 3357 2151 3410 cetera
2182 3364 2355 3429 quae
2393 3346 2682 3409 ecclesia
2713 3345 2934 3408 docet:

724 3452 797 3506 et
830 3444 1147 3525 quoniam
1180 3450 1501 3524 separant
1535 3439 1738 3503 fidem
1770 3463 1809 3504 a
1841 3442 1984 3504 vita
2015 3441 2399 3515 charitatiS,
2431 3461 2604 3523 quae
2643 3450 2747 3504 est
2779 3439 2938 3502 bona

724 3536 964 3611 facere,
1006 3545 1253 3618 putant
1293 3536 1593 3618 plerique
1630 3535 1838 3599 hodie
1874 3534 2055 3617 quod
2095 3536 2266 3597 scire
2303 3534 2439 3609 illa,
2482 3536 2787 3615 cogitare
2815 3532 2934 3599 illa.

724 3641 797 3695 et
836 3630 1019 3714 loqui
1058 3630 1194 3704 illa,
1236 3631 1324 3694 sit
1363 3627 1531 3693 fides
1568 3650 1741 3712 quae
1781 3628 2026 3703 salvat,
2067 3629 2221 3691 ideo
2260 3628 2425 3691 nihil
2465 3631 2828 3693 attendunt
2863 3624 2938 3688 ad

724 3724 904 3790 velle
936 3724 1051 3787 illa
1084 3734 1154 3788 et
1187 3724 1407 3787 facere
1440 3722 1596 3800 illa3
1645 3724 1854 3785 immo
1888 3742 2010 3785 nec
2044 3722 2265 3786 sciunt
2296 3722 2459 3804 quid
2499 3724 2752 3786 debent
2783 3718 2941 3784 velle

724 3829 796 3883 et
832 3819 1089 3883 facere:
1138 3819 1306 3881 haec
1342 3838 1466 3881 nec
1504 3819 1709 3882 docet
1743 3816 2054 3892 ecclesia,
2094 3818 2248 3899 quia
2286 3814 2595 3881 doctrina
2633 3816 2938 3881 ecclesiae

722 3925 831 3979 est
868 3911 1175 3978 doctrina
1212 3913 1421 3976 solius
1460 3912 1638 3987 fidei,
1670 3920 1742 3975 et
1783 3931 1919 3975 non
1958 3909 2267 3976 dofitrina
2305 3914 2535 3990 vitae;
2585 3910 2939 3975 doctrinam

723 4010 907 4072 vitae
938 4016 1191 4071 vocant
1226 4006 1651 4089 theologiam
1692 4005 2044 4081 moralem,
2084 4026 2288 4087 quam
2319 4005 2764 4087 vilipendunt,
2801 4002 2939 4087 quia

722 4104 1015 4166 virtutes
1044 4103 1229 4166 vitae
1262 4102 1558 4177 moraliS,
1593 4121 1765 4183 quae
1799 4101 1866 4163 in
1898 4122 1971 4165 se
2003 4111 2161 4163 sunt
2193 4100 2375 4164 bona
2411 4120 2640 4181 opera,
2673 4099 2938 4163 credunt

725 4196 893 4259 nihil
928 4196 1015 4260 ad
1054 4196 1349 4260 salutem
1387 4196 1710 4260 conferre.
1801 4193 2004 4276 Quod
2042 4204 2273 4258 autem
2311 4196 2504 4269 scire,
2545 4196 2841 4276 cogitare
2875 4198 2937 4254 et

724 4290 907 4373 loqui
932 4290 1049 4353 illa
1074 4310 1249 4373 quae
1274 4310 1473 4372 supra
1498 4286 1682 4353 dicta
1713 4300 1894 4363 sunt,
1923 4309 2060 4352 non
2085 4290 2172 4353 sit
2200 4287 2404 4367 fides3
2452 4298 2522 4352 et
2551 4290 2607 4352 si
2631 4295 2940 4351 vocantur

724 4382 892 4449 fides
929 4385 1108 4468 quod
1149 4404 1358 4467 usque
1405 4403 1540 4447 non
1579 4384 1958 4467 producant
1997 4383 2199 4459 bona,
2233 4383 2407 4447 sieut
2447 4385 2647 4448 arbor
2679 4378 2932 4451 fructus

724 4489 1041 4543 constare
1074 4487 1307 4561 potest
1340 4498 1429 4541 ex
1463 4477 1587 4541 his,
1683 4475 1805 4561 (1.)
1857 4476 2088 4540 Homo
2119 4478 2347 4541 omnia
2378 4498 2552 4559 quae
2590 4478 2736 4549 scit,
2763 4473 2936 4555 cogi-

725 4584 832 4638 tat
892 4581 963 4637 et
1022 4572 1341 4656 loquitur,
1396 4582 1727 4655 quantum
1786 4571 2113 4654 intelligit
2172 4570 2311 4648 illa,
2369 4580 2577 4635 vocat
2624 4590 2818 4649 ver-23
2874 4574 2939 4633 et
