3259 5384
709 637 876 703 2262
1330 651 1831 703 ΑΡοεΑιῩΡεΙε
1876 649 2327 702 EXPLICATA.

707 821 1060 902 cogitant3
1123 818 1218 884 illi
1277 821 1388 904 qui
1445 821 1510 884 in
1565 819 1741 884 veris
1806 829 1985 894 sunt,
2043 837 2163 900 per
2213 815 2769 900 propitiationem
2828 833 2944 896 per

701 916 1100 996 sanguinem
1159 914 1331 990 Filii,
1393 915 1771 997 percipiunt
1838 913 2020 996 quod
2080 912 2457 976 clementer
2512 911 2940 989 recipiantur,

700 1018 770 1072 et
817 1029 1082 1092 quoque
1127 1008 1504 1085 audiantur,
1543 1009 1656 1092 qui
1701 1007 1958 1071 adeunt
1996 1007 2385 1081 Dominum,
2425 1023 2506 1068 ac
2552 1001 2943 1084 supplicant

701 1102 930 1184 Ipsum
969 1123 1058 1168 ex
1093 1107 1264 1168 veris
1295 1123 1466 1187 quae
1499 1105 1564 1166 in
1594 1102 1828 1166 Verbo
1854 1112 2049 1180 sunt3
2092 1107 2132 1134 ‘⁴
2151 1101 2429 1182 sanguis
2456 1096 2780 1162 Domini”
2805 1114 2940 1160 non

700 1197 918 1260 solum
943 1196 1280 1280 significat
1313 1199 1699 1280 passionem
1725 1198 1942 1260 crucis
1969 1195 2205 1277 Ipsius,
2234 1195 2355 1257 sed
2386 1193 2596 1257 etiam
2624 1191 2941 1254 Divinum

699 1287 958 1354 Verum
993 1292 1264 1356 Domini
1296 1293 1480 1374 quod
1519 1294 1584 1354 in
1618 1291 1899 1368 Verbo;
1949 1290 2279 1353 Dominus
2316 1289 2497 1351 enim
2535 1305 2655 1367 per
2685 1283 2943 1366 passio-

700 1403 857 1447 nem
903 1387 1118 1448 crucis
1164 1385 1548 1467 subjugavit
1595 1385 1874 1458 inferna,
1925 1384 2106 1466 quod
2153 1381 2555 1462 intelligitur
2602 1399 2721 1461 per
2766 1377 2943 1460 quod

705 1481 997 1544 “vicerit
1044 1490 1356 1554 mortem,
1398 1491 1469 1544 et
1515 1499 1669 1543 cum
1705 1477 1986 1543 victoria
2023 1473 2525 1551 resurrexerit,”
2562 1486 2634 1537 ut
2678 1491 2945 1556 quoque

702 1574 1066 1657 loquuntur
1095 1575 1461 1647 antistites,
1496 1573 1657 1636 dum
1690 1593 1780 1637 ex
1813 1571 2088 1650 Verbo;
2134 1581 2207 1636 et
2236 1589 2505 1653 quoque
2536 1589 2659 1651 per
2690 1569 2943 1650 passio·

701 1689 860 1733 nem
906 1670 1120 1732 crucis
1165 1665 1566 1750 glorificavit
1607 1665 2002 1730 Humanum
2039 1683 2253 1740 suum,
2296 1685 2415 1746 per
2459 1663 2641 1747 quod
2688 1662 2945 1725 inferna

701 1773 1022 1826 tenentur
1052 1762 1139 1825 ab
1177 1763 1336 1843 Ipso
1372 1761 1734 1843 subjugata
1770 1762 1837 1824 in
1874 1772 2271 1825 aeternum:
2322 1779 2441 1841 per
2481 1757 2945 1840 “propitiato-

701 1855 928 1932 rium,’'
985 1857 1166 1939 quod
1233 1875 1432 1938 super
1497 1874 1657 1918 arca
1714 1855 2139 1930 Testimonii,
2208 1873 2409 1935 super
2472 1872 2607 1935 quo
2674 1849 2947 1914 cherubi

703 1951 951 2031 sculpti
986 1950 1272 2024 fuerunt,
1309 1969 1433 2013 nec
1471 1949 1653 2013 aliud
1689 1948 2211 2032 significabatur.
2302 1947 2671 2030 Quomodo
2706 1945 2804 2009 illi
2840 1945 2947 2028 qui

699 2045 768 2108 in
795 2045 968 2107 veris
993 2054 1173 2119 sunt,
1201 2043 1597 2128 intelligunt
1624 2044 2082 2126 portationem
2107 2044 2537 2125 iniquitatum
2561 2062 2602 2104 a
2626 2040 2945 2113 Domino,

703 2156 908 2218 supra
965 2151 1038 2212 (n.
1077 2138 1312 2216 805[a])
1366 2135 1626 2199 dictum
1692 2143 1821 2198 est.
1930 2135 2056 2198 Per
2118 2135 2655 2216 imputationem
2722 2133 2945 2195 meriti

705 2229 980 2292 Domini
1004 2229 1434 2310 intelligitur,
1459 2229 1548 2292 ab
1578 2228 1708 2291 illis
1734 2228 1843 2310 qui
1874 2227 1941 2290 in
1973 2229 2148 2291 veris
2173 2237 2354 2302 sunt,
2382 2227 2601 2290 solum
2627 2225 2944 2307 implora·

703 2325 802 2386 tio
847 2333 922 2387 ut
971 2324 1303 2387 Dominus
1347 2323 1771 2398 misereatur,
1820 2323 1930 2405 qui
1990 2332 2132 2385 tam
2192 2323 2362 2384 dura
2418 2337 2655 2402 passus
2700 2329 2811 2384 est
2863 2319 2945 2383 ad

703 2417 1173 2481 redimendum
1238 2427 1310 2480 et
1377 2417 1781 2480 salvandum
1848 2416 2181 2492 homines,
2244 2413 2354 2497 qu'i
2414 2415 2662 2498 alioqui
2728 2425 2946 2478 morte

706 2501 988 2574 a'eterna
1031 2511 1308 2592 perituri
1354 2519 1626 2574 essent:
1688 2529 1805 2591 ρετ
1850 2511 2163 2574 meritum
2202 2510 2478 2574 Domini
2523 2508 2943 2590 intelligitur,

705 2604 885 2687 quod
927 2604 1080 2686 Ipse
1125 2625 1215 2668 ex
1264 2606 1530 2686 propria
1567 2605 1877 2686 potentia
1914 2604 2277 2667 salvaverit
2316 2604 2467 2667 illos
2508 2605 2621 2686 qui
2660 2603 2947 2666 credunt

703 2702 772 2762 in
829 2699 1080 2780 Ipsum,
1137 2718 1217 2762 ac
1277 2699 1529 2762 faciunt
1585 2719 1755 2780 quae
1811 2699 2195 2781 praecepit;
2258 2698 2387 2762 hoc
2442 2699 2759 2761 meritum
2814 2716 2947 2760 non

705 2793 1018 2873 imputari
1051 2801 1302 2874 potest,
1338 2791 1457 2855 sed
1496 2791 1856 2872 implorari.
1948 2791 2072 2855 Per
2102 2793 2661 2856 intercessionem
2694 2790 2948 2854 intelli-

705 2889 886 2968 gitur
942 2895 1272 2968 perpetua
1327 2886 1714 2950 recordatio
1772 2886 2063 2949 hominis
2125 2907 2168 2950 a
2233 2887 2549 2950 Domino.
2656 2886 2767 2950 Ac
2835 2905 2950 2968 per

705 2980 1013 3043 fiduciam
1052 2990 1123 3043 et
1165 2980 1654 3044 confidentiam
1692 2979 2095 3060 intelligitur
2130 2979 2373 3044 fiducia
2418 2992 2490 3044 et
2536 2979 2949 3044 confidentia

707 3077 774 3138 in
823 3074 1212 3151 Dominum,
1253 3075 1436 3157 quod
1481 3095 1572 3138 ex
1621 3095 1787 3156 pura
1832 3075 2289 3140 misericordia
2324 3077 2571 3140 doceat
2608 3076 2947 3139 hominem

703 3171 904 3245 viam,
945 3190 1021 3233 ac
1061 3171 1265 3233 ducat
1303 3171 1390 3232 ad
1428 3169 1717 3232 caelum.
1805 3167 1920 3232 Ex
1966 3169 2069 3233 his
2106 3180 2301 3252 patet
2338 3171 2498 3254 quid
2536 3169 2949 3252 significatur

705 3284 824 3346 per
871 3265 1438 3346 redemptionem.
1544 3264 1661 3327 Ex
1714 3263 1819 3327 his
1876 3281 2053 3328 nunc
2104 3277 2423 3330 constare
2477 3275 2711 3348 potest
2766 3265 2947 3347 quod

705 3375 826 3438 per
868 3355 986 3418 illa
1027 3376 1204 3437 quae
1255 3375 1460 3437 supra
1505 3371 1578 3430 (n.
1611 3358 1842 3436 805[a])
1890 3355 2109 3420 allata
2162 3367 2347 3432 sunt,
2393 3356 2483 3419 ab
2532 3355 2669 3418 illis
2712 3357 2831 3438 qui
2882 3357 2945 3419 in

701 3453 879 3514 veris
910 3473 1001 3514 ex
1033 3451 1268 3516 Verbo
1301 3461 1481 3527 sunt,
1525 3471 1663 3515 non
1695 3453 2122 3534 intelligatur
2152 3453 2426 3535 aliquod
2465 3471 2633 3534 opus
2675 3452 2949 3515 Domini

705 3547 882 3628 apud
923 3541 1215 3622 Patrem,
1251 3547 1372 3609 sed
1409 3547 1592 3628 apud
1630 3544 1908 3624 Semet;
1958 3567 2138 3620 nam,
2173 3557 2247 3610 ut
2286 3567 2489 3628 supra
2524 3544 2781 3609 dictum
2819 3557 2946 3620 est,

707 3639 894 3704 Deus
943 3649 1048 3702 est
1101 3660 1292 3714 unus,
1343 3650 1413 3704 et
1466 3660 1602 3703 non
1658 3650 1821 3716 treS,
1874 3661 1953 3705 ac
2003 3641 2285 3704 Trinum
2340 3651 2447 3704 est
2494 3641 2560 3703 in
2614 3641 2948 3714 Domino;

705 3754 912 3816 quare
948 3754 1103 3798 cum
1153 3734 1490 3797 Dominus
1527 3734 1775 3806 aditur,
1815 3735 2025 3800 etiam
2064 3734 2262 3798 simul
2310 3735 2513 3798 Pater
2546 3745 2619 3798 et
2665 3733 2949 3817 Spiritus

705 3825 980 3891 sanctus
1025 3829 1380 3892 adeuntur.
1489 3827 1604 3891 Ex
1657 3827 1762 3892 his
1814 3830 2023 3892 etiam
2070 3829 2281 3893 videri
2326 3838 2559 3911 potest
2606 3828 2789 3911 quod
2834 3847 2949 3911 per

708 3922 1242 4003 “captivitatem
1311 3922 1558 3986 ducere
1580 3921 1610 3946 ”
1678 3921 2097 4004 significetur
2162 3923 2513 3986 secludere
2580 3944 2622 3985 a
2688 3922 2948 3985 Divinis

705 4016 881 4078 veris
941 4016 1008 4077 in
1070 4015 1342 4095 Verbo;
1413 4037 1572 4080 nam
1631 4019 1742 4100 qui
1803 4014 2180 4081 doctrinam
2243 4019 2443 4081 trium
2506 4018 2945 4081 Personarum

707 4108 1104 4172 Divinitatis
1143 4119 1412 4186 tenent,
1451 4121 1523 4175 et
1561 4113 1675 4194 qui
1718 4110 1923 4174 fidem
1970 4121 2291 4194 separant
2332 4133 2373 4174 a
2418 4133 2539 4175 sua
2576 4115 2741 4189 vita,
2779 4132 2947 4195 quae

707 4213 868 4266 sunt
913 4203 1095 4266 bona
1137 4225 1366 4286 opera,
1407 4205 1504 4268 illi
1549 4204 1913 4270 secludunt
1958 4207 2129 4270 alios
2174 4207 2262 4270 ab
2306 4203 2665 4271 intellectu
2700 4208 2839 4270 veri
2882 4208 2945 4269 in

707 4294 982 4374 Verbo;
1045 4299 1401 4380 explicant
1451 4300 1632 4364 enim
1684 4303 1936 4376 omnia,
1983 4321 2157 4384 quae
2210 4301 2299 4365 ibi
2347 4311 2527 4376 sunt,
2576 4301 2945 4366 secundum

706 4387 1107 4462 doctrinam,
1147 4401 1220 4456 et
1259 4413 1433 4474 quae
1481 4413 1617 4456 non
1666 4393 2013 4476 explicare
2058 4405 2367 4478 possunt,
2407 4395 2812 4460 falsificant:
2875 4405 2945 4458 et

706 4503 973 4566 quoque
1013 4484 1353 4562 Divinum,
1387 4488 1570 4569 quod
1617 4489 1685 4550 in
1734 4487 2033 4552 Domino
2068 4499 2198 4564 est,
2237 4499 2311 4553 et
2348 4490 2532 4572 quod
2578 4501 2688 4555 est
2736 4490 2943 4572 Ipsius

708 4577 1004 4656 Domini,
1060 4580 1456 4645 adscribunt
1510 4580 1762 4646 Divino
1816 4583 2054 4660 Patris,
2110 4603 2189 4648 ac
2224 4585 2320 4648 sic
2384 4584 2755 4650 Dominum
2807 4604 2941 4649 non
