3259 5384
984 700 1144 753 cAP.
1179 701 1356 767 xlv„
1389 702 1598 755 VERs.
1641 702 1856 754 1.—-N.
1890 691 2035 773 849.
2462 702 2629 772 2357

403 867 649 943 falcem
671 884 978 953 acutam,
1001 868 1274 954 dicens,
1295 870 1511 945 Mitte
1533 867 1735 945 tuam
1756 869 2013 945 falcem
2035 885 2346 954 acutam,
2367 885 2445 944 et
2468 871 2627 945 vin-

401 983 632 1057 demia
651 985 905 1057 botros
921 984 1231 1059 vineae*
1250 1001 1508 1070 terrae,
1528 986 1701 1083 quia
1716 1001 2224 1059 maturuerunt
2244 1010 2434 1059 uvae
2451 987 2631 1084 ejus,

503 1121 609 1188 19.
680 1098 778 1170 Et
811 1098 1004 1172 misit
1036 1098 1340 1198 angelus
1369 1099 1625 1174 falcem
1663 1125 1873 1174 suam
1923 1099 1995 1173 in
2032 1116 2325 1184 terram,
2362 1115 2439 1173 et
2472 1100 2629 1173 vin-

399 1212 738 1286 demiavit
771 1213 1060 1286 vineam
1095 1229 1358 1297 terrae,
1385 1230 1462 1290 et
1495 1214 1808 1314 conjecit
1842 1214 1915 1287 in
1953 1212 2266 1288 torcular
2300 1215 2449 1287 irae
2488 1212 2635 1287 Dei

399 1351 763 1424 magnum.

499 1463 610 1514 20.
683 1441 781 1513 Et
826 1440 1177 1516 calcatum
1231 1457 1346 1518 est
1393 1442 1709 1517 torcular
1740 1457 1950 1517 extra
1983 1442 2263 1524 urbem,
2299 1456 2377 1516 et
2410 1442 2637 1517 exivit

399 1555 692 1653 sanguis
738 1581 784 1630 e
823 1555 1160 1630 torculari
1195 1583 1434 1656 usque
1484 1557 1582 1632 ad
1629 1555 1836 1632 frena
1880 1581 2262 1656 equorum,
2297 1582 2342 1631 a
2381 1557 2635 1632 stadiis

399 1669 583 1744 mille
617 1671 1002 1746 sexcentis.

1223 1937 1618 1988 EXPLICA
1640 1937 1811 1990 TIO.

1373 2084 1580 2124 msus
1617 2085 1662 2125 1.

519 2170 720 2255 848·
774 2193 856 2235 ’τε
878 2194 980 2244 οισι,
996 2197 1044 2237 σε
1063 2205 1168 2238 eoo·
1183 2195 1330 2246 amm
1351 2198 1481 2238 stane
1497 2207 1637 2246 aanor.
1653 2196 1800 2238 nom
1817 2194 1933 2244 8100.
1954 2197 2003 2238 et
2021 2205 2118 2238 eum
2138 2196 2241 2246 ιρεο
2254 2197 2428 2238 nemum
2446 2197 2638 2247 amm-

397 2252 524 2302 οἱηία
542 2247 727 2304 anathor
747 2255 900 2304 mme'a,
918 2255 1132 2298 habentes
1153 2266 1307 2298 nomen
1327 2255 1476 2298 Patris
1497 2256 1643 2307 lnam
1663 2257 1876 2307 seriptum
1897 2267 2035 2306 super
2044 2255 2281 2308 frontlbuc
2297 2255 2447 2298 suls-'⁹

470 2373 494 2410 ι
504 2398 516 2411 .
561 2361 658 2415 Ἐἰ
678 2361 820 2422 η’όίἶ
835 2362 1077 2428 signifieat
1093 2365 1544 2430 manifistatnbnen
1560 2365 1620 2415 de
1638 2365 1836 2430 fhtura
1856 2365 2165 2430 separatione
2179 2363 2420 2414 bonorum
2436 2381 2470 2414 a
2488 2364 2641 2414 malis

661 2437 781 2479 ante
800 2431 1309 2496 ultimumffldicium
1337 2431 1414 2498 [n.
1440 2429 1598 2498 849];
1638 2434 1727 2483 ‘ot
1754 2445 1877 2484 occo
1909 2429 2082 2498 Agnus
2112 2433 2265 2484 mus
2287 2444 2449 2498 supet·
2468 2434 2641 2482 mom

663 2493 872 2554 Sionis?
885 2495 1128 2560 significat
1137 2498 1478 2562 praesentiam
1494 2497 1719 2547 Domini
1732 2499 1790 2546 in
1808 2498 1937 2546 caelo
1952 2505 2001 2546 et
2020 2499 2080 2546 in
2101 2497 2297 2546 ecclesia
2313 2499 2387 2546 ad
2401 2504 2639 2562 separan-

661 2563 785 2612 dum
807 2563 953 2611 bonos
973 2579 1008 2612 a
1030 2565 1194 2622 malas,
1219 2571 1266 2612 et
1284 2563 1664 2628 adsentiendum
1668 2563 1935 2650 judicium
1964 2563 2042 2630 [n.
2066 2562 2223 2629 850];
2262 2566 2349 2616 ‘01
2378 2577 2495 2615 cum
2524 2561 2642 2630 Ιροο

663 2630 868 2680 contum
891 2627 1230 2696 quadi-agium
1251 2633 1473 2696 quatuos·
1493 2628 1667 2688 milita,
1716 2628 1959 2694 significat
1976 2631 2249 2680 secundum
2271 2645 2396 2678 vem
2420 2629 2477 2678 in
2499 2629 2645 2678 omni

663 2696 918 2758 complexu
957 2695 1036 2761 [n.
1061 2693 1092 2744 8
1096 2694 1186 2772 51]
1203 2712 1220 2756 ;
1265 2694 1544 2748 ‘habentes
1571 2709 1756 2748 nomon
1789 2693 1961 2748 Patr-it
1996 2693 2167 2762 Ipsius
2196 2693 2447 2762 scriptum
2481 2709 2643 2763 supet·

665 2760 923 2894 ὴοηΐίὁῖε
955 2760 1111 2894 getici*
1132 2760 1376 2826 fignificat
1407 2762 1500 2812 illa
1521 2763 1795 2812 secundum
1818 2762 2127 2828 agnitionem
2150 2761 2351 2812 Divina·
2380 2761 2546 2827 Ipsius
2576 2777 2643 2810 ex

663 2842 834 2876 amore
886 2841 936 2876 n.
990 2837 1054 2892 52
1090 2863 1103 2876 .

520 2956 728 3040 849.
765 2973 925 3032 [νινε.
947 2973 1011 3035 ι]
1043 2958 1162 3041 eet
1178 2958 1640 3041 vidi.”—Quod
1662 2959 2002 3041 significet
2022 2959 2640 3040 manzjfestationem

401 3054 482 3118 de
505 3055 764 3134 futura
791 3055 1213 3136 separatione
1247 3055 1560 3119 bonorum
1603 3077 1649 3118 a
1691 3054 1892 3119 malis
1929 3065 2087 3120 ante
2126 3055 2639 3140 ultimumjudi-

401 3148 590 3222 cium,
652 3158 931 3213 constat
990 3171 1080 3212 ex
1148 3148 1649 3231 significatione
1708 3149 1973 3225 “vidi,”
2024 3149 2207 3233 quod
2269 3152 2407 3214 sint
2464 3171 2640 3233 quae

399 3241 696 3323 Johanni
726 3243 870 3306 visa
902 3253 1080 3318 sunt,
1115 3253 1186 3306 et
1225 3263 1399 3307 nunc
1435 3253 1849 3326 sequuntur3
1895 3265 2069 3328 quae
2106 3245 2173 3307 in
2207 3264 2411 3308 sensu
2443 3245 2639 3326 spiri-

403 3336 574 3400 tuali
633 3335 944 3420 spectata
997 3347 1213 3419 agunt
1271 3339 1357 3402 de
1415 3340 1917 3402 convocatione
1977 3349 2048 3402 et
2101 3340 2641 3420 congregatione

405 3431 848 3507 fidelium‚‚ac
886 3432 973 3496 de
1019 3433 1451 3514 separatione
1487 3431 1757 3496 illorum
1803 3453 1846 3496 a
1891 3433 2089 3495 malis
2125 3442 2290 3496 ante
2328 3431 2640 3498 ultimum

395 3525 745 3608 judicium,
791 3547 870 3590 ac
925 3536 1084 3590 sunt
1129 3547 1302 3610 quae
1347 3527 1828 3609 intelliguntur
1871 3547 1912 3590 a
1958 3527 2257 3591 Domino
2303 3547 2422 3609 per
2468 3526 2640 3592 haec

403 3624 584 3706 apud
619 3621 1062 3696 Matthaeum,

503 3754 818 3805 “Videbunt
847 3754 1038 3804 Filium
1066 3754 1304 3804 hominis
1330 3755 1639 3804 venientem
1676 3755 1731 3804 in
1767 3755 1999 3805 nubibus
2034 3755 2166 3805 caeli
2200 3769 2321 3804 cum
2356 3757 2555 3806 virtute
2590 3765 2645 3806 et

666 3823 861 3884 gloria.
881 3857 894 3870 .
921 3835 934 3879 ς
969 3830 1025 3870 et
1051 3820 1227 3869 mittet
1254 3821 1479 3882 angelos
1507 3833 1677 3879 suos..
1698 3858 1711 3871 .
1730 3857 1743 3870 .
1764 3829 1841 3870 .et
1863 3821 2212 3883 congregabit
2239 3817 2441 3870 electos
2468 3820 2645 3885 Ipsius

663 3902 700 3936 a
721 3895 948 3950 quatuor
969 3885 1162 3945 ventis,
1187 3900 1221 3934 a
1243 3886 1487 3934 terminis
1512 3887 1781 3935 caelorum
1803 3899 1975 3950 usque
2003 3887 2071 3936 ad
2095 3887 2356 3936 terminos
2381 3887 2597 3936 illorum
2614 3887 2643 3907 ”

665 3952 828 4014 (xxiv.
853 3964 931 4013 30,
957 3950 1072 4014 31):

403 4087 632 4170 agitur
675 4085 884 4150 etiam
933 4085 1000 4148 in
1049 4104 1133 4148 eo
1180 4085 1405 4166 capite
1451 4083 1537 4149 de
1585 4083 1831 4148 ultimo
1864 4083 2135 4167 judicio,
2180 4087 2361 4168 quod
2406 4085 2498 4148 ibi
2537 4087 2642 4150 in-

405 4180 745 4263 telligitur
793 4199 915 4262 per
961 4179 1683 4243 “consummationem
1738 4178 2037 4243 saeculi'’
2082 4189 2152 4244 et
2210 4180 2644 4244 “adventum

405 4274 684 4339 Domini
708 4269 763 4336 :”
810 4273 1261 4356 congregatio
1299 4282 1369 4337 et
1409 4273 1753 4355 separatio
1790 4273 2123 4337 bonorum
2168 4293 2209 4338 a
2245 4274 2439 4338 malis
2476 4283 2641 4340 tunc

403 4367 809 4432 describitur
840 4389 959 4450 per
994 4366 1112 4430 illa
1141 4367 1391 4446 verba;
1439 4367 1753 4431 similiter
1784 4376 1862 4433 ut
1896 4369 1963 4431 in
2003 4367 2133 4432 hoc
2172 4369 2400 4451 capite
2436 4365 2640 4451 (vet-s·

411 4479 506 4542 14,
555 4461 688 4545 16),
737 4461 850 4526 ubi
894 4463 1141 4526 dicitur
1185 4463 1269 4526 de
1317 4461 1494 4527 Filio
1537 4463 1834 4527 hominis
1878 4463 2167 4528 sedente
2211 4484 2415 4547 super
2460 4464 2642 4529 nube

967 4657 1152 4720 [NOTA
1181 4660 1462 4710 Avernus
1477 4657 1574 4720 2-1
1595 4657 1628 4694 ⁸¹
1665 4659 1805 4708 Bona
1823 4659 2079 4709 charitatis.
