<?xml version="1.0" encoding="UTF-8"?>
<!DOCTYPE html PUBLIC "-//W3C//DTD XHTML 1.0 Transitional//EN"
    "http://www.w3.org/TR/xhtml1/DTD/xhtml1-transitional.dtd">
<html xmlns="http://www.w3.org/1999/xhtml" xml:lang="en" lang="en">
 <head>
  <title>
</title>
<meta http-equiv="Content-Type" content="text/html;charset=utf-8" />
  <meta name='ocr-system' content='tesseract 3.04.00' />
  <meta name='ocr-capabilities' content='ocr_page ocr_carea ocr_par ocr_line ocrx_word'/>
</head>
<body>
  <div class='ocr_page' id='page_1' title='image "./apocalypsisexpl00unkngoog_0238.png"; bbox 0 0 3259 5384; ppageno 0'>
   <div class='ocr_carea' id='block_1_1' title="bbox 641 633 2249 702">
    <p class='ocr_par' dir='ltr' id='par_1_1' title="bbox 641 633 2249 702">
     <span class='ocr_line' id='line_1_1' title="bbox 641 633 2249 702; baseline 0.001 -18"><span class='ocrx_word' id='word_1_1' title='bbox 641 637 679 684; x_wconf 88' lang='lat'><strong>2</strong></span> <span class='ocrx_word' id='word_1_2' title='bbox 690 636 810 702; x_wconf 80' lang='lat'><strong>140</strong></span> <span class='ocrx_word' id='word_1_3' title='bbox 1256 633 1754 686; x_wconf 81' lang='lat' dir='ltr'>APOCALYPSIS</span> <span class='ocrx_word' id='word_1_4' title='bbox 1799 634 2068 686; x_wconf 83' lang='lat' dir='ltr'>EXPLIC</span> <span class='ocrx_word' id='word_1_5' title='bbox 2075 634 2249 686; x_wconf 72' lang='lat' dir='ltr'><strong>ATA.</strong></span> 
     </span>
    </p>
   </div>
   <div class='ocr_carea' id='block_1_2' title="bbox 636 802 2843 1256">
    <p class='ocr_par' dir='ltr' id='par_1_2' title="bbox 636 802 2843 1244">
     <span class='ocr_line' id='line_1_2' title="bbox 644 802 2838 888; baseline -0.001 -20"><span class='ocrx_word' id='word_1_6' title='bbox 644 809 683 836; x_wconf 81' lang='lat'><strong>‘⁴</strong></span> <span class='ocrx_word' id='word_1_7' title='bbox 700 805 845 868; x_wconf 90' lang='lat' dir='ltr'><strong>dies</strong></span> <span class='ocrx_word' id='word_1_8' title='bbox 859 803 903 864; x_wconf 86' lang='lat'><strong>”·</strong></span> <span class='ocrx_word' id='word_1_9' title='bbox 914 802 1295 886; x_wconf 83' lang='lat' dir='ltr'><strong>significant</strong></span> <span class='ocrx_word' id='word_1_10' title='bbox 1320 815 1541 870; x_wconf 88' lang='lat' dir='ltr'><strong>status</strong></span> <span class='ocrx_word' id='word_1_11' title='bbox 1566 805 1752 882; x_wconf 86' lang='lat' dir='ltr'><strong>lucis,</strong></span> <span class='ocrx_word' id='word_1_12' title='bbox 1779 807 1888 888; x_wconf 91' lang='lat' dir='ltr'><strong>qui</strong></span> <span class='ocrx_word' id='word_1_13' title='bbox 1913 815 2073 870; x_wconf 91' lang='lat' dir='ltr'><strong>sunt</strong></span> <span class='ocrx_word' id='word_1_14' title='bbox 2097 814 2318 869; x_wconf 89' lang='lat' dir='ltr'><strong>status</strong></span> <span class='ocrx_word' id='word_1_15' title='bbox 2341 803 2838 869; x_wconf 78' lang='lat' dir='ltr'><strong>illustrationum</strong></span> 
     </span>
     <span class='ocr_line' id='line_1_3' title="bbox 638 897 2842 982; baseline 0 -22"><span class='ocrx_word' id='word_1_16' title='bbox 638 899 938 962; x_wconf 84' lang='lat' dir='ltr'><strong>omniurn</strong></span> <span class='ocrx_word' id='word_1_17' title='bbox 970 918 1089 980; x_wconf 88' lang='lat' dir='ltr'><strong>per</strong></span> <span class='ocrx_word' id='word_1_18' title='bbox 1122 899 1441 963; x_wconf 90' lang='lat' dir='ltr'><strong>Divinum</strong></span> <span class='ocrx_word' id='word_1_19' title='bbox 1466 898 1762 963; x_wconf 85' lang='lat' dir='ltr'><strong>Verum:</strong></span> <span class='ocrx_word' id='word_1_20' title='bbox 1810 901 1992 982; x_wconf 90' lang='lat' dir='ltr'><strong>quod</strong></span> <span class='ocrx_word' id='word_1_21' title='bbox 2025 901 2151 964; x_wconf 90' lang='lat' dir='ltr'><strong>hoc</strong></span> <span class='ocrx_word' id='word_1_22' title='bbox 2183 920 2224 962; x_wconf 89' lang='lat' dir='ltr'><strong>a</strong></span> <span class='ocrx_word' id='word_1_23' title='bbox 2255 899 2504 962; x_wconf 90' lang='lat' dir='ltr'><strong>Divino</strong></span> <span class='ocrx_word' id='word_1_24' title='bbox 2534 898 2739 980; x_wconf 85' lang='lat' dir='ltr'>Ipsius</span> <span class='ocrx_word' id='word_1_25' title='bbox 2765 897 2842 960; x_wconf 91' lang='lat' dir='ltr'><strong>ad</strong></span> 
     </span>
     <span class='ocr_line' id='line_1_4' title="bbox 640 991 2841 1075; baseline -0.001 -20"><span class='ocrx_word' id='word_1_26' title='bbox 640 992 1040 1057; x_wconf 87' lang='lat' dir='ltr'><strong>salvandum</strong></span> <span class='ocrx_word' id='word_1_27' title='bbox 1076 1011 1293 1074; x_wconf 84' lang='lat' dir='ltr'><strong>genus</strong></span> <span class='ocrx_word' id='word_1_28' title='bbox 1328 993 1719 1069; x_wconf 88' lang='lat' dir='ltr'><strong>humanum,</strong></span> <span class='ocrx_word' id='word_1_29' title='bbox 1755 992 2171 1074; x_wconf 84' lang='lat' dir='ltr'><strong>significatur</strong></span> <span class='ocrx_word' id='word_1_30' title='bbox 2206 1012 2324 1074; x_wconf 89' lang='lat' dir='ltr'><strong>per</strong></span> <span class='ocrx_word' id='word_1_31' title='bbox 2354 992 2536 1075; x_wconf 90' lang='lat' dir='ltr'><strong>quod</strong></span> <span class='ocrx_word' id='word_1_32' title='bbox 2570 991 2841 1054; x_wconf 86' lang='lat' dir='ltr'><strong>“volun-</strong></span> 
     </span>
     <span class='ocr_line' id='line_1_5' title="bbox 639 1085 2843 1170; baseline -0 -21"><span class='ocrx_word' id='word_1_33' title='bbox 639 1097 745 1149; x_wconf 90' lang='lat' dir='ltr'><strong>tas</strong></span> <span class='ocrx_word' id='word_1_34' title='bbox 771 1085 1071 1167; x_wconf 88' lang='lat' dir='ltr'><strong>Jehovae</strong></span> <span class='ocrx_word' id='word_1_35' title='bbox 1104 1106 1225 1168; x_wconf 90' lang='lat' dir='ltr'><strong>per</strong></span> <span class='ocrx_word' id='word_1_36' title='bbox 1255 1106 1529 1152; x_wconf 88' lang='lat' dir='ltr'><strong>manum</strong></span> <span class='ocrx_word' id='word_1_37' title='bbox 1562 1087 1780 1170; x_wconf 84' lang='lat' dir='ltr'>Ipsius</span> <span class='ocrx_word' id='word_1_38' title='bbox 1813 1085 2370 1170; x_wconf 87' lang='lat' dir='ltr'><strong>prosperabitur.”</strong></span> <span class='ocrx_word' id='word_1_39' title='bbox 2458 1085 2662 1168; x_wconf 89' lang='lat' dir='ltr'>Apud</span> <span class='ocrx_word' id='word_1_40' title='bbox 2696 1105 2843 1148; x_wconf 89' lang='lat' dir='ltr'><strong>eun·</strong></span> 
     </span>
     <span class='ocr_line' id='line_1_6' title="bbox 636 1180 819 1256; baseline 0.013 -14"><span class='ocrx_word' id='word_1_41' title='bbox 636 1180 819 1256; x_wconf 87' lang='lat' dir='ltr'><strong>dem,</strong></span> 
     </span>
    </p>
   </div>
   <div class='ocr_carea' id='block_1_3' title="bbox 734 1312 2850 1572">
    <p class='ocr_par' dir='ltr' id='par_1_3' title="bbox 734 1312 2850 1572">
     <span class='ocr_line' id='line_1_7' title="bbox 734 1312 2850 1376; baseline -0.002 -11.894"><span class='ocrx_word' id='word_1_42' title='bbox 734 1312 861 1364; x_wconf 83' lang='lat' dir='ltr'><strong>“Ne</strong></span> <span class='ocrx_word' id='word_1_43' title='bbox 889 1313 1090 1373; x_wconf 87' lang='lat' dir='ltr'><strong>timeto,</strong></span> <span class='ocrx_word' id='word_1_44' title='bbox 1116 1313 1246 1376; x_wconf 75' lang='lat' dir='ltr'><strong>quia</strong></span> <span class='ocrx_word' id='word_1_45' title='bbox 1271 1313 1471 1364; x_wconf 82' lang='lat' dir='ltr'>Tecum</span> <span class='ocrx_word' id='word_1_46' title='bbox 1503 1312 1655 1376; x_wconf 84' lang='lat' dir='ltr'><strong>Ego;</strong></span> <span class='ocrx_word' id='word_1_47' title='bbox 1689 1315 1758 1364; x_wconf 76' lang='lat' dir='ltr'><strong>ab</strong></span> <span class='ocrx_word' id='word_1_48' title='bbox 1785 1314 1994 1364; x_wconf 83' lang='lat' dir='ltr'><strong>oriente</strong></span> <span class='ocrx_word' id='word_1_49' title='bbox 2020 1313 2280 1362; x_wconf 75' lang='lat' dir='ltr'>adducam</span> <span class='ocrx_word' id='word_1_50' title='bbox 2309 1326 2496 1362; x_wconf 75' lang='lat' dir='ltr'><strong>semen</strong></span> <span class='ocrx_word' id='word_1_51' title='bbox 2527 1320 2686 1370; x_wconf 82' lang='lat' dir='ltr'><strong>tuum.</strong></span> <span class='ocrx_word' id='word_1_52' title='bbox 2713 1320 2766 1363; x_wconf 88' lang='lat' dir='ltr'><strong>et</strong></span> <span class='ocrx_word' id='word_1_53' title='bbox 2787 1313 2850 1360; x_wconf 73' lang='lat' dir='ltr'><strong>ab</strong></span> 
     </span>
     <span class='ocr_line' id='line_1_8' title="bbox 896 1351 2849 1442; baseline -0.002 -15"><span class='ocrx_word' id='word_1_54' title='bbox 896 1379 1173 1428; x_wconf 78' lang='lat' dir='ltr'><strong>occidente</strong></span> <span class='ocrx_word' id='word_1_55' title='bbox 1208 1379 1455 1442; x_wconf 73' lang='lat' dir='ltr'><strong>colligam</strong></span> <span class='ocrx_word' id='word_1_56' title='bbox 1500 1387 1584 1438; x_wconf 85' lang='lat' dir='ltr'><strong>te;</strong></span> <span class='ocrx_word' id='word_1_57' title='bbox 1630 1351 1802 1428; x_wconf 80' lang='lat' dir='ltr'><strong>dicam</strong></span> <span class='ocrx_word' id='word_1_58' title='bbox 1839 1379 2208 1441; x_wconf 81' lang='lat' dir='ltr'>septentrioni,</span> <span class='ocrx_word' id='word_1_59' title='bbox 2245 1377 2363 1436; x_wconf 81' lang='lat' dir='ltr'><strong>Da;</strong></span> <span class='ocrx_word' id='word_1_60' title='bbox 2408 1389 2462 1427; x_wconf 91' lang='lat' dir='ltr'><strong>et</strong></span> <span class='ocrx_word' id='word_1_61' title='bbox 2497 1378 2743 1436; x_wconf 84' lang='lat' dir='ltr'><strong>meridiei,</strong></span> <span class='ocrx_word' id='word_1_62' title='bbox 2779 1375 2849 1425; x_wconf 85' lang='lat' dir='ltr'><strong>Ne</strong></span> 
     </span>
     <span class='ocr_line' id='line_1_9' title="bbox 894 1443 2850 1572; baseline -0.002 -79"><span class='ocrx_word' id='word_1_63' title='bbox 894 1443 1115 1558; x_wconf 48' lang='grc' dir='ltr'><strong>ἒέἒὲ,;</strong></span> <span class='ocrx_word' id='word_1_64' title='bbox 1132 1443 1469 1572; x_wconf 53' lang='grc' dir='ltr'><strong>ἅτιὶἰεέἒοέξΐξ</strong></span> <span class='ocrx_word' id='word_1_65' title='bbox 1489 1457 1640 1493; x_wconf 85' lang='lat' dir='ltr'><strong>meos</strong></span> <span class='ocrx_word' id='word_1_66' title='bbox 1657 1458 1689 1493; x_wconf 93' lang='lat' dir='ltr'><strong>e</strong></span> <span class='ocrx_word' id='word_1_67' title='bbox 1712 1443 2022 1506; x_wconf 82' lang='lat' dir='ltr'><strong>longinquo,</strong></span> <span class='ocrx_word' id='word_1_68' title='bbox 2041 1453 2096 1493; x_wconf 91' lang='lat' dir='ltr'><strong>et</strong></span> <span class='ocrx_word' id='word_1_69' title='bbox 2119 1443 2254 1492; x_wconf 79' lang='lat' dir='ltr'><strong>filias</strong></span> <span class='ocrx_word' id='word_1_70' title='bbox 2273 1457 2420 1492; x_wconf 79' lang='lat' dir='ltr'><strong>meas</strong></span> <span class='ocrx_word' id='word_1_71' title='bbox 2444 1445 2514 1491; x_wconf 75' lang='lat' dir='ltr'><strong>ab</strong></span> <span class='ocrx_word' id='word_1_72' title='bbox 2537 1443 2850 1492; x_wconf 75' lang='lat' dir='ltr'>extremitate</span> 
     </span>
    </p>
   </div>
   <div class='ocr_carea' id='block_1_4' title="bbox 634 1637 2862 2654">
    <p class='ocr_par' dir='ltr' id='par_1_4' title="bbox 634 1637 2862 2654">
     <span class='ocr_line' id='line_1_10' title="bbox 636 1637 2852 1724; baseline -0.002 -20"><span class='ocrx_word' id='word_1_73' title='bbox 636 1639 931 1704; x_wconf 89' lang='lat' dir='ltr'><strong>creditur</strong></span> <span class='ocrx_word' id='word_1_74' title='bbox 953 1641 1133 1724; x_wconf 92' lang='lat' dir='ltr'><strong>quod</strong></span> <span class='ocrx_word' id='word_1_75' title='bbox 1169 1661 1285 1722; x_wconf 90' lang='lat' dir='ltr'><strong>per</strong></span> <span class='ocrx_word' id='word_1_76' title='bbox 1315 1640 1483 1704; x_wconf 91' lang='lat' dir='ltr'><strong>haec</strong></span> <span class='ocrx_word' id='word_1_77' title='bbox 1511 1639 1928 1723; x_wconf 86' lang='lat' dir='ltr'><strong>significetur</strong></span> <span class='ocrx_word' id='word_1_78' title='bbox 1959 1639 2260 1704; x_wconf 59' lang='lat' dir='ltr'><strong>reductio</strong></span> <span class='ocrx_word' id='word_1_79' title='bbox 2291 1639 2580 1703; x_wconf 85' lang='lat' dir='ltr'><strong>filiorum</strong></span> <span class='ocrx_word' id='word_1_80' title='bbox 2600 1637 2852 1702; x_wconf 86' lang='lat' dir='ltr'><strong>Israelis</strong></span> 
     </span>
     <span class='ocr_line' id='line_1_11' title="bbox 635 1731 2854 1815; baseline -0.001 -18"><span class='ocrx_word' id='word_1_81' title='bbox 635 1736 701 1797; x_wconf 88' lang='lat' dir='ltr'><strong>in</strong></span> <span class='ocrx_word' id='word_1_82' title='bbox 762 1745 1012 1798; x_wconf 89' lang='lat' dir='ltr'><strong>terram</strong></span> <span class='ocrx_word' id='word_1_83' title='bbox 1066 1733 1499 1812; x_wconf 86' lang='lat' dir='ltr'><strong>Canaanem;</strong></span> <span class='ocrx_word' id='word_1_84' title='bbox 1563 1735 1684 1798; x_wconf 92' lang='lat' dir='ltr'><strong>sed</strong></span> <span class='ocrx_word' id='word_1_85' title='bbox 1744 1734 1873 1798; x_wconf 91' lang='lat' dir='ltr'><strong>hoc</strong></span> <span class='ocrx_word' id='word_1_86' title='bbox 1932 1734 2023 1797; x_wconf 92' lang='lat' dir='ltr'><strong>ibi</strong></span> <span class='ocrx_word' id='word_1_87' title='bbox 2081 1754 2216 1797; x_wconf 89' lang='lat' dir='ltr'><strong>non</strong></span> <span class='ocrx_word' id='word_1_88' title='bbox 2278 1733 2696 1815; x_wconf 85' lang='lat' dir='ltr'><strong>intelligitur,</strong></span> <span class='ocrx_word' id='word_1_89' title='bbox 2743 1731 2854 1795; x_wconf 91' lang='lat' dir='ltr'><strong>sed</strong></span> 
     </span>
     <span class='ocr_line' id='line_1_12' title="bbox 636 1827 2851 1911; baseline -0.002 -19"><span class='ocrx_word' id='word_1_90' title='bbox 636 1829 1036 1911; x_wconf 87' lang='lat' dir='ltr'><strong>intelligitur</strong></span> <span class='ocrx_word' id='word_1_91' title='bbox 1061 1829 1348 1892; x_wconf 87' lang='lat' dir='ltr'><strong>salvatio</strong></span> <span class='ocrx_word' id='word_1_92' title='bbox 1379 1849 1418 1890; x_wconf 88' lang='lat' dir='ltr'><strong>a</strong></span> <span class='ocrx_word' id='word_1_93' title='bbox 1451 1827 1749 1892; x_wconf 88' lang='lat' dir='ltr'><strong>Domino</strong></span> <span class='ocrx_word' id='word_1_94' title='bbox 1772 1829 2072 1893; x_wconf 86' lang='lat' dir='ltr'><strong>omnium</strong></span> <span class='ocrx_word' id='word_1_95' title='bbox 2098 1828 2207 1910; x_wconf 87' lang='lat' dir='ltr'><strong>qui</strong></span> <span class='ocrx_word' id='word_1_96' title='bbox 2246 1827 2332 1890; x_wconf 89' lang='lat' dir='ltr'><strong>ab</strong></span> <span class='ocrx_word' id='word_1_97' title='bbox 2366 1827 2526 1909; x_wconf 91' lang='lat' dir='ltr'><strong>Ipso</strong></span> <span class='ocrx_word' id='word_1_98' title='bbox 2553 1827 2851 1889; x_wconf 89' lang='lat' dir='ltr'><strong>Divinum</strong></span> 
     </span>
     <span class='ocr_line' id='line_1_13' title="bbox 636 1920 2854 2004; baseline -0.002 -19"><span class='ocrx_word' id='word_1_99' title='bbox 636 1921 891 1985; x_wconf 90' lang='lat' dir='ltr'><strong>Verum</strong></span> <span class='ocrx_word' id='word_1_100' title='bbox 925 1923 1278 2004; x_wconf 87' lang='lat' dir='ltr'><strong>recipiunt,</strong></span> <span class='ocrx_word' id='word_1_101' title='bbox 1313 1942 1354 1985; x_wconf 95' lang='lat' dir='ltr'><strong>a</strong></span> <span class='ocrx_word' id='word_1_102' title='bbox 1384 1921 1621 2004; x_wconf 91' lang='lat' dir='ltr'><strong>quibus</strong></span> <span class='ocrx_word' id='word_1_103' title='bbox 1655 1942 1829 1984; x_wconf 90' lang='lat' dir='ltr'><strong>nova</strong></span> <span class='ocrx_word' id='word_1_104' title='bbox 1861 1920 2187 2000; x_wconf 88' lang='lat' dir='ltr'><strong>ecclesia;</strong></span> <span class='ocrx_word' id='word_1_105' title='bbox 2233 1921 2399 1984; x_wconf 90' lang='lat' dir='ltr'><strong>haec</strong></span> <span class='ocrx_word' id='word_1_106' title='bbox 2433 1940 2555 2002; x_wconf 89' lang='lat' dir='ltr'><strong>per</strong></span> <span class='ocrx_word' id='word_1_107' title='bbox 2581 1925 2854 1983; x_wconf 89' lang='lat' dir='ltr'><strong>“semen</strong></span> 
     </span>
     <span class='ocr_line' id='line_1_14' title="bbox 636 2013 2855 2098; baseline -0.001 -20"><span class='ocrx_word' id='word_1_108' title='bbox 636 2015 853 2097; x_wconf 90' lang='lat' dir='ltr'><strong>Ipsius</strong></span> <span class='ocrx_word' id='word_1_109' title='bbox 868 2014 898 2042; x_wconf 88' lang='lat'><strong>’&#39;</strong></span> <span class='ocrx_word' id='word_1_110' title='bbox 923 2016 1102 2098; x_wconf 95' lang='lat' dir='ltr'><strong>quod</strong></span> <span class='ocrx_word' id='word_1_111' title='bbox 1142 2015 1228 2078; x_wconf 89' lang='lat' dir='ltr'><strong>ab</strong></span> <span class='ocrx_word' id='word_1_112' title='bbox 1260 2017 1521 2079; x_wconf 91' lang='lat' dir='ltr'><strong>oriente</strong></span> <span class='ocrx_word' id='word_1_113' title='bbox 1554 2015 1950 2091; x_wconf 87' lang='lat' dir='ltr'><strong>adducetur,</strong></span> <span class='ocrx_word' id='word_1_114' title='bbox 1979 2015 2066 2079; x_wconf 92' lang='lat' dir='ltr'><strong>ab</strong></span> <span class='ocrx_word' id='word_1_115' title='bbox 2097 2014 2454 2079; x_wconf 89' lang='lat' dir='ltr'><strong>occidente</strong></span> <span class='ocrx_word' id='word_1_116' title='bbox 2488 2013 2855 2096; x_wconf 84' lang='lat' dir='ltr'><strong>colligetur,</strong></span> 
     </span>
     <span class='ocr_line' id='line_1_15' title="bbox 636 2105 2856 2193; baseline -0.002 -19"><span class='ocrx_word' id='word_1_117' title='bbox 636 2121 706 2174; x_wconf 89' lang='lat' dir='ltr'><strong>et</strong></span> <span class='ocrx_word' id='word_1_118' title='bbox 770 2112 952 2193; x_wconf 91' lang='lat' dir='ltr'><strong>quod</strong></span> <span class='ocrx_word' id='word_1_119' title='bbox 1010 2111 1391 2191; x_wconf 88' lang='lat' dir='ltr'><strong>septentrio</strong></span> <span class='ocrx_word' id='word_1_120' title='bbox 1443 2109 1655 2184; x_wconf 88' lang='lat' dir='ltr'><strong>dabit,</strong></span> <span class='ocrx_word' id='word_1_121' title='bbox 1705 2120 1775 2173; x_wconf 93' lang='lat' dir='ltr'><strong>et</strong></span> <span class='ocrx_word' id='word_1_122' title='bbox 1835 2105 2203 2173; x_wconf 73' lang='lat' dir='ltr'><strong>[¹³meridies</strong></span> <span class='ocrx_word' id='word_1_123' title='bbox 2263 2128 2400 2172; x_wconf 92' lang='lat' dir='ltr'><strong>non</strong></span> <span class='ocrx_word' id='word_1_124' title='bbox 2462 2108 2856 2190; x_wconf 87' lang='lat' dir='ltr'><strong>prohibebit,</strong></span> 
     </span>
     <span class='ocr_line' id='line_1_16' title="bbox 636 2201 2860 2286; baseline -0.001 -20"><span class='ocrx_word' id='word_1_125' title='bbox 636 2202 1086 2286; x_wconf 88' lang='lat' dir='ltr'><strong>significatur:</strong></span> <span class='ocrx_word' id='word_1_126' title='bbox 1143 2224 1347 2286; x_wconf 89' lang='lat' dir='ltr'><strong>quare</strong></span> <span class='ocrx_word' id='word_1_127' title='bbox 1393 2205 1598 2266; x_wconf 90' lang='lat' dir='ltr'><strong>etiam</strong></span> <span class='ocrx_word' id='word_1_128' title='bbox 1644 2203 1963 2285; x_wconf 87' lang='lat' dir='ltr'><strong>sequitur,</strong></span> <span class='ocrx_word' id='word_1_129' title='bbox 2017 2203 2328 2266; x_wconf 90' lang='lat' dir='ltr'><strong>“Adduc</strong></span> <span class='ocrx_word' id='word_1_130' title='bbox 2373 2201 2546 2266; x_wconf 87' lang='lat' dir='ltr'><strong>filios</strong></span> <span class='ocrx_word' id='word_1_131' title='bbox 2592 2223 2778 2266; x_wconf 88' lang='lat' dir='ltr'><strong>meos</strong></span> <span class='ocrx_word' id='word_1_132' title='bbox 2825 2223 2860 2264; x_wconf 90' lang='lat' dir='ltr'><strong>e</strong></span> 
     </span>
     <span class='ocr_line' id='line_1_17' title="bbox 636 2295 2861 2379; baseline -0.001 -19"><span class='ocrx_word' id='word_1_133' title='bbox 636 2296 1030 2379; x_wconf 89' lang='lat' dir='ltr'><strong>longinquo,</strong></span> <span class='ocrx_word' id='word_1_134' title='bbox 1065 2307 1135 2360; x_wconf 88' lang='lat' dir='ltr'><strong>et</strong></span> <span class='ocrx_word' id='word_1_135' title='bbox 1176 2296 1343 2360; x_wconf 86' lang='lat' dir='ltr'><strong>filias</strong></span> <span class='ocrx_word' id='word_1_136' title='bbox 1377 2316 1561 2360; x_wconf 89' lang='lat' dir='ltr'><strong>meas</strong></span> <span class='ocrx_word' id='word_1_137' title='bbox 1596 2296 1685 2360; x_wconf 88' lang='lat' dir='ltr'><strong>ab</strong></span> <span class='ocrx_word' id='word_1_138' title='bbox 1716 2297 2157 2360; x_wconf 86' lang='lat' dir='ltr'><strong>extremitate</strong></span> <span class='ocrx_word' id='word_1_139' title='bbox 2195 2308 2415 2361; x_wconf 89' lang='lat' dir='ltr'><strong>terrae</strong></span> <span class='ocrx_word' id='word_1_140' title='bbox 2443 2296 2497 2376; x_wconf 88' lang='lat'><strong>;”</strong></span> <span class='ocrx_word' id='word_1_141' title='bbox 2535 2317 2652 2378; x_wconf 88' lang='lat' dir='ltr'><strong>per</strong></span> <span class='ocrx_word' id='word_1_142' title='bbox 2684 2303 2720 2328; x_wconf 83' lang='lat'><strong>‘⁸</strong></span> <span class='ocrx_word' id='word_1_143' title='bbox 2745 2295 2861 2358; x_wconf 84' lang='lat' dir='ltr'><strong>fili-</strong></span> 
     </span>
     <span class='ocr_line' id='line_1_18' title="bbox 636 2389 2862 2474; baseline -0.001 -19"><span class='ocrx_word' id='word_1_144' title='bbox 636 2411 713 2456; x_wconf 87' lang='lat' dir='ltr'><strong>os</strong></span> <span class='ocrx_word' id='word_1_145' title='bbox 732 2391 763 2416; x_wconf 80' lang='lat'><strong>&#39;⁹</strong></span> <span class='ocrx_word' id='word_1_146' title='bbox 794 2390 1259 2474; x_wconf 85' lang='lat' dir='ltr'><strong>significantur</strong></span> <span class='ocrx_word' id='word_1_147' title='bbox 1296 2391 1406 2474; x_wconf 90' lang='lat' dir='ltr'><strong>qui</strong></span> <span class='ocrx_word' id='word_1_148' title='bbox 1444 2392 1511 2453; x_wconf 92' lang='lat' dir='ltr'><strong>in</strong></span> <span class='ocrx_word' id='word_1_149' title='bbox 1543 2393 1718 2455; x_wconf 88' lang='lat' dir='ltr'><strong>veris</strong></span> <span class='ocrx_word' id='word_1_150' title='bbox 1756 2392 2082 2455; x_wconf 88' lang='lat' dir='ltr'><strong>ecclesiae</strong></span> <span class='ocrx_word' id='word_1_151' title='bbox 2119 2402 2298 2465; x_wconf 90' lang='lat' dir='ltr'><strong>sunt,</strong></span> <span class='ocrx_word' id='word_1_152' title='bbox 2333 2401 2404 2454; x_wconf 90' lang='lat' dir='ltr'><strong>et</strong></span> <span class='ocrx_word' id='word_1_153' title='bbox 2445 2411 2564 2472; x_wconf 89' lang='lat' dir='ltr'><strong>per</strong></span> <span class='ocrx_word' id='word_1_154' title='bbox 2597 2389 2818 2453; x_wconf 84' lang='lat' dir='ltr'><strong>“filias</strong></span> <span class='ocrx_word' id='word_1_155' title='bbox 2833 2389 2862 2414; x_wconf 88' lang='lat'><strong>”</strong></span> 
     </span>
     <span class='ocr_line' id='line_1_19' title="bbox 634 2481 2844 2564; baseline -0.001 -19"><span class='ocrx_word' id='word_1_156' title='bbox 634 2483 748 2564; x_wconf 86' lang='lat' dir='ltr'><strong>qui</strong></span> <span class='ocrx_word' id='word_1_157' title='bbox 784 2483 852 2545; x_wconf 89' lang='lat' dir='ltr'><strong>in</strong></span> <span class='ocrx_word' id='word_1_158' title='bbox 885 2483 1087 2545; x_wconf 88' lang='lat' dir='ltr'><strong>bonis</strong></span> <span class='ocrx_word' id='word_1_159' title='bbox 1118 2482 1281 2563; x_wconf 88' lang='lat' dir='ltr'><strong>ejus.</strong></span> <span class='ocrx_word' id='word_1_160' title='bbox 1368 2497 1487 2557; x_wconf 78' lang='lat' dir='ltr'><strong>(sed</strong></span> <span class='ocrx_word' id='word_1_161' title='bbox 1514 2499 1636 2544; x_wconf 65' lang='lat' dir='ltr'><strong>haee</strong></span> <span class='ocrx_word' id='word_1_162' title='bbox 1662 2499 1916 2544; x_wconf 67' lang='lat' dir='ltr'><strong>videantur</strong></span> <span class='ocrx_word' id='word_1_163' title='bbox 1941 2511 2100 2557; x_wconf 72' lang='lat' dir='ltr'><strong>supra,</strong></span> <span class='ocrx_word' id='word_1_164' title='bbox 2123 2511 2170 2545; x_wconf 83' lang='lat' dir='ltr'><strong>n.</strong></span> <span class='ocrx_word' id='word_1_165' title='bbox 2190 2481 2698 2563; x_wconf 66' lang='lat' dir='ltr'><strong>422[o].[·1724[ae1.</strong></span> <span class='ocrx_word' id='word_1_166' title='bbox 2719 2498 2844 2556; x_wconf 83' lang='lat' dir='ltr'><strong>expli</strong></span> 
     </span>
     <span class='ocr_line' id='line_1_20' title="bbox 635 2571 1430 2654; baseline 0.001 -20"><span class='ocrx_word' id='word_1_167' title='bbox 635 2587 781 2648; x_wconf 71' lang='lat' dir='ltr'><strong>eata.)</strong></span> <span class='ocrx_word' id='word_1_168' title='bbox 865 2571 1078 2654; x_wconf 90' lang='lat' dir='ltr'><strong>Apud</strong></span> <span class='ocrx_word' id='word_1_169' title='bbox 1110 2571 1430 2648; x_wconf 88' lang='lat' dir='ltr'><strong>eundem,</strong></span> 
     </span>
    </p>
   </div>
   <div class='ocr_carea' id='block_1_5' title="bbox 734 2698 2866 2841">
    <p class='ocr_par' dir='ltr' id='par_1_5' title="bbox 734 2698 2866 2841">
     <span class='ocr_line' id='line_1_21' title="bbox 734 2698 2866 2777; baseline 0 -14"><span class='ocrx_word' id='word_1_170' title='bbox 734 2712 865 2763; x_wconf 82' lang='lat' dir='ltr'><strong>“Ad</strong></span> <span class='ocrx_word' id='word_1_171' title='bbox 892 2713 1132 2762; x_wconf 79' lang='lat' dir='ltr'><strong>dextram</strong></span> <span class='ocrx_word' id='word_1_172' title='bbox 1163 2723 1216 2762; x_wconf 94' lang='lat' dir='ltr'><strong>et</strong></span> <span class='ocrx_word' id='word_1_173' title='bbox 1244 2713 1516 2764; x_wconf 75' lang='lat' dir='ltr'><strong>sinistram</strong></span> <span class='ocrx_word' id='word_1_174' title='bbox 1544 2728 1808 2776; x_wconf 82' lang='lat' dir='ltr'><strong>erumpes,</strong></span> <span class='ocrx_word' id='word_1_175' title='bbox 1837 2722 1892 2763; x_wconf 91' lang='lat' dir='ltr'><strong>et</strong></span> <span class='ocrx_word' id='word_1_176' title='bbox 1927 2727 2112 2762; x_wconf 88' lang='lat' dir='ltr'><strong>semen</strong></span> <span class='ocrx_word' id='word_1_177' title='bbox 2143 2723 2291 2763; x_wconf 87' lang='lat' dir='ltr'><strong>tuum</strong></span> <span class='ocrx_word' id='word_1_178' title='bbox 2319 2724 2510 2777; x_wconf 83' lang='lat' dir='ltr'><strong>gentes</strong></span> <span class='ocrx_word' id='word_1_179' title='bbox 2537 2698 2866 2772; x_wconf 79' lang='lat' dir='ltr'><strong>hereditabit.</strong></span> 
     </span>
     <span class='ocr_line' id='line_1_22' title="bbox 894 2778 2178 2841; baseline 0.002 -13"><span class='ocrx_word' id='word_1_180' title='bbox 894 2789 951 2828; x_wconf 91' lang='lat' dir='ltr'><strong>et</strong></span> <span class='ocrx_word' id='word_1_181' title='bbox 972 2779 1129 2828; x_wconf 85' lang='lat' dir='ltr'><strong>urbes</strong></span> <span class='ocrx_word' id='word_1_182' title='bbox 1152 2779 1422 2830; x_wconf 76' lang='lat' dir='ltr'><strong>desolatas</strong></span> <span class='ocrx_word' id='word_1_183' title='bbox 1444 2780 1672 2828; x_wconf 71' lang='lat' dir='ltr'><strong>habitari</strong></span> <span class='ocrx_word' id='word_1_184' title='bbox 1695 2779 1894 2830; x_wconf 71' lang='lat' dir='ltr'><strong>facient</strong></span> <span class='ocrx_word' id='word_1_185' title='bbox 1913 2778 1942 2798; x_wconf 90' lang='lat'><strong>”</strong></span> <span class='ocrx_word' id='word_1_186' title='bbox 1965 2779 2072 2840; x_wconf 87' lang='lat' dir='ltr'><strong>(liv.</strong></span> <span class='ocrx_word' id='word_1_187' title='bbox 2097 2779 2178 2841; x_wconf 81' lang='lat'><strong>3):</strong></span> 
     </span>
    </p>
   </div>
   <div class='ocr_carea' id='block_1_6' title="bbox 634 2909 2884 4213">
    <p class='ocr_par' dir='ltr' id='par_1_6' title="bbox 634 2909 2884 4213">
     <span class='ocr_line' id='line_1_23' title="bbox 635 2909 2868 2993; baseline 0.001 -22"><span class='ocrx_word' id='word_1_188' title='bbox 635 2910 802 2973; x_wconf 89' lang='lat' dir='ltr'><strong>haec</strong></span> <span class='ocrx_word' id='word_1_189' title='bbox 840 2909 926 2974; x_wconf 94' lang='lat' dir='ltr'><strong>de</strong></span> <span class='ocrx_word' id='word_1_190' title='bbox 962 2909 1253 2973; x_wconf 88' lang='lat' dir='ltr'><strong>ecclesia</strong></span> <span class='ocrx_word' id='word_1_191' title='bbox 1296 2931 1335 2974; x_wconf 93' lang='lat' dir='ltr'><strong>a</strong></span> <span class='ocrx_word' id='word_1_192' title='bbox 1382 2910 1678 2974; x_wconf 88' lang='lat' dir='ltr'><strong>Domino</strong></span> <span class='ocrx_word' id='word_1_193' title='bbox 1714 2909 1892 2991; x_wconf 89' lang='lat' dir='ltr'><strong>apud</strong></span> <span class='ocrx_word' id='word_1_194' title='bbox 1939 2922 2202 2992; x_wconf 85' lang='lat' dir='ltr'><strong>gentes,</strong></span> <span class='ocrx_word' id='word_1_195' title='bbox 2243 2931 2412 2993; x_wconf 91' lang='lat' dir='ltr'><strong>quae</strong></span> <span class='ocrx_word' id='word_1_196' title='bbox 2451 2911 2738 2975; x_wconf 91' lang='lat' dir='ltr'><strong>ecclesia</strong></span> <span class='ocrx_word' id='word_1_197' title='bbox 2782 2911 2868 2974; x_wconf 88' lang='lat' dir='ltr'><strong>ibi</strong></span> 
     </span>
     <span class='ocr_line' id='line_1_24' title="bbox 636 3001 2870 3087; baseline 0 -21"><span class='ocrx_word' id='word_1_198' title='bbox 636 3001 1038 3084; x_wconf 85' lang='lat' dir='ltr'><strong>intelligitur</strong></span> <span class='ocrx_word' id='word_1_199' title='bbox 1082 3023 1203 3084; x_wconf 88' lang='lat' dir='ltr'><strong>per</strong></span> <span class='ocrx_word' id='word_1_200' title='bbox 1250 3009 1289 3036; x_wconf 75' lang='lat'><strong>‘⁶</strong></span> <span class='ocrx_word' id='word_1_201' title='bbox 1312 3003 1613 3067; x_wconf 88' lang='lat' dir='ltr'><strong>sterilem</strong></span> <span class='ocrx_word' id='word_1_202' title='bbox 1630 3002 1663 3028; x_wconf 80' lang='lat'><strong>’⁹</strong></span> <span class='ocrx_word' id='word_1_203' title='bbox 1707 3024 1879 3086; x_wconf 92' lang='lat' dir='ltr'><strong>quae</strong></span> <span class='ocrx_word' id='word_1_204' title='bbox 1925 3024 2061 3067; x_wconf 90' lang='lat' dir='ltr'><strong>non</strong></span> <span class='ocrx_word' id='word_1_205' title='bbox 2107 3014 2485 3087; x_wconf 87' lang='lat' dir='ltr'><strong>pepererat,</strong></span> <span class='ocrx_word' id='word_1_206' title='bbox 2526 3007 2632 3068; x_wconf 89' lang='lat' dir='ltr'><strong>cui</strong></span> <span class='ocrx_word' id='word_1_207' title='bbox 2679 3005 2870 3068; x_wconf 90' lang='lat' dir='ltr'><strong>multi</strong></span> 
     </span>
     <span class='ocr_line' id='line_1_25' title="bbox 637 3095 2870 3182; baseline 0.002 -23"><span class='ocrx_word' id='word_1_208' title='bbox 637 3096 750 3160; x_wconf 85' lang='lat' dir='ltr'><strong>filii</strong></span> <span class='ocrx_word' id='word_1_209' title='bbox 786 3095 984 3180; x_wconf 82' lang='lat' dir='ltr'><strong>(vers,</strong></span> <span class='ocrx_word' id='word_1_210' title='bbox 1011 3113 1062 3172; x_wconf 89' lang='lat'><strong>1,</strong></span> <span class='ocrx_word' id='word_1_211' title='bbox 1086 3095 1207 3179; x_wconf 90' lang='lat' dir='ltr'><strong>ibi)</strong></span> <span class='ocrx_word' id='word_1_212' title='bbox 1234 3117 1249 3160; x_wconf 76' lang='grc' dir='ltr'><strong><em>ε</em></strong></span> <span class='ocrx_word' id='word_1_213' title='bbox 1298 3117 1418 3179; x_wconf 85' lang='lat' dir='ltr'><strong>per</strong></span> <span class='ocrx_word' id='word_1_214' title='bbox 1440 3103 1731 3161; x_wconf 89' lang='lat' dir='ltr'><strong>“semen</strong></span> <span class='ocrx_word' id='word_1_215' title='bbox 1763 3097 1942 3180; x_wconf 89' lang='lat' dir='ltr'><strong>quod</strong></span> <span class='ocrx_word' id='word_1_216' title='bbox 1977 3097 2385 3161; x_wconf 90' lang='lat' dir='ltr'><strong>hereditabit</strong></span> <span class='ocrx_word' id='word_1_217' title='bbox 2417 3110 2666 3180; x_wconf 87' lang='lat' dir='ltr'><strong>gentes</strong></span> <span class='ocrx_word' id='word_1_218' title='bbox 2681 3099 2711 3124; x_wconf 76' lang='lat'><strong>’⁹</strong></span> <span class='ocrx_word' id='word_1_219' title='bbox 2735 3102 2870 3182; x_wconf 86' lang='lat' dir='ltr'><strong>sig-</strong></span> 
     </span>
     <span class='ocr_line' id='line_1_26' title="bbox 639 3190 2872 3274; baseline 0 -19"><span class='ocrx_word' id='word_1_220' title='bbox 639 3191 950 3255; x_wconf 88' lang='lat' dir='ltr'><strong>nificatur</strong></span> <span class='ocrx_word' id='word_1_221' title='bbox 985 3191 1305 3256; x_wconf 88' lang='lat' dir='ltr'><strong>Divinum</strong></span> <span class='ocrx_word' id='word_1_222' title='bbox 1338 3190 1597 3255; x_wconf 87' lang='lat' dir='ltr'><strong>Verum</strong></span> <span class='ocrx_word' id='word_1_223' title='bbox 1642 3191 1822 3274; x_wconf 89' lang='lat' dir='ltr'><strong>quod</strong></span> <span class='ocrx_word' id='word_1_224' title='bbox 1861 3193 2182 3272; x_wconf 85' lang='lat' dir='ltr'><strong>gentibus</strong></span> <span class='ocrx_word' id='word_1_225' title='bbox 2217 3191 2526 3270; x_wconf 67' lang='lat' dir='ltr'><strong>dabitur-3</strong></span> <span class='ocrx_word' id='word_1_226' title='bbox 2575 3213 2694 3273; x_wconf 90' lang='lat' dir='ltr'><strong>per</strong></span> <span class='ocrx_word' id='word_1_227' title='bbox 2729 3193 2872 3256; x_wconf 88' lang='lat' dir='ltr'><strong>“ad</strong></span> 
     </span>
     <span class='ocr_line' id='line_1_27' title="bbox 634 3284 2874 3368; baseline 0 -19"><span class='ocrx_word' id='word_1_228' title='bbox 634 3287 954 3349; x_wconf 86' lang='lat' dir='ltr'><strong>dextram</strong></span> <span class='ocrx_word' id='word_1_229' title='bbox 1004 3295 1073 3348; x_wconf 90' lang='lat' dir='ltr'><strong>et</strong></span> <span class='ocrx_word' id='word_1_230' title='bbox 1122 3286 1209 3348; x_wconf 93' lang='lat' dir='ltr'><strong>ad</strong></span> <span class='ocrx_word' id='word_1_231' title='bbox 1258 3286 1600 3348; x_wconf 85' lang='lat' dir='ltr'><strong>sinistram</strong></span> <span class='ocrx_word' id='word_1_232' title='bbox 1648 3304 1998 3368; x_wconf 90' lang='lat' dir='ltr'><strong>erumpere</strong></span> <span class='ocrx_word' id='word_1_233' title='bbox 2015 3284 2046 3310; x_wconf 80' lang='lat'><strong>’⁹</strong></span> <span class='ocrx_word' id='word_1_234' title='bbox 2090 3284 2507 3366; x_wconf 84' lang='lat' dir='ltr'><strong>significatur</strong></span> <span class='ocrx_word' id='word_1_235' title='bbox 2555 3288 2874 3350; x_wconf 86' lang='lat' dir='ltr'><strong>extensio</strong></span> 
     </span>
     <span class='ocr_line' id='line_1_28' title="bbox 637 3378 2873 3464; baseline -0.001 -20"><span class='ocrx_word' id='word_1_236' title='bbox 637 3389 707 3444; x_wconf 88' lang='lat' dir='ltr'><strong>et</strong></span> <span class='ocrx_word' id='word_1_237' title='bbox 756 3378 1266 3460; x_wconf 89' lang='lat' dir='ltr'><strong>multiplicatio;</strong></span> <span class='ocrx_word' id='word_1_238' title='bbox 1321 3398 1439 3460; x_wconf 90' lang='lat' dir='ltr'><strong>per</strong></span> <span class='ocrx_word' id='word_1_239' title='bbox 1488 3380 1864 3442; x_wconf 87' lang='lat' dir='ltr'><strong>“dextram</strong></span> <span class='ocrx_word' id='word_1_240' title='bbox 1882 3379 1912 3403; x_wconf 91' lang='lat'><strong>”</strong></span> <span class='ocrx_word' id='word_1_241' title='bbox 1953 3378 2369 3460; x_wconf 86' lang='lat' dir='ltr'><strong>significatur</strong></span> <span class='ocrx_word' id='word_1_242' title='bbox 2411 3399 2646 3442; x_wconf 87' lang='lat' dir='ltr'><strong>verum</strong></span> <span class='ocrx_word' id='word_1_243' title='bbox 2693 3381 2873 3464; x_wconf 92' lang='lat' dir='ltr'><strong>quod</strong></span> 
     </span>
     <span class='ocr_line' id='line_1_29' title="bbox 634 3473 2877 3555; baseline 0 -19"><span class='ocrx_word' id='word_1_244' title='bbox 634 3475 705 3536; x_wconf 89' lang='lat' dir='ltr'><strong>in</strong></span> <span class='ocrx_word' id='word_1_245' title='bbox 750 3473 899 3536; x_wconf 89' lang='lat' dir='ltr'><strong>luce</strong></span> <span class='ocrx_word' id='word_1_246' title='bbox 943 3483 1070 3548; x_wconf 87' lang='lat' dir='ltr'><strong>est,</strong></span> <span class='ocrx_word' id='word_1_247' title='bbox 1110 3482 1181 3536; x_wconf 87' lang='lat' dir='ltr'><strong>et</strong></span> <span class='ocrx_word' id='word_1_248' title='bbox 1228 3491 1347 3554; x_wconf 87' lang='lat' dir='ltr'><strong>per</strong></span> <span class='ocrx_word' id='word_1_249' title='bbox 1387 3474 1784 3536; x_wconf 88' lang='lat' dir='ltr'><strong>“sinistram</strong></span> <span class='ocrx_word' id='word_1_250' title='bbox 1802 3473 1831 3497; x_wconf 91' lang='lat'><strong>”</strong></span> <span class='ocrx_word' id='word_1_251' title='bbox 1867 3492 2100 3535; x_wconf 84' lang='lat' dir='ltr'><strong>verum</strong></span> <span class='ocrx_word' id='word_1_252' title='bbox 2145 3473 2326 3555; x_wconf 92' lang='lat' dir='ltr'><strong>quod</strong></span> <span class='ocrx_word' id='word_1_253' title='bbox 2373 3473 2438 3535; x_wconf 91' lang='lat' dir='ltr'><strong>in</strong></span> <span class='ocrx_word' id='word_1_254' title='bbox 2486 3473 2746 3550; x_wconf 86' lang='lat' dir='ltr'><strong>umbra,</strong></span> <span class='ocrx_word' id='word_1_255' title='bbox 2785 3495 2877 3537; x_wconf 91' lang='lat' dir='ltr'><strong>ex</strong></span> 
     </span>
     <span class='ocr_line' id='line_1_30' title="bbox 636 3565 2874 3649; baseline 0 -19"><span class='ocrx_word' id='word_1_256' title='bbox 636 3587 840 3630; x_wconf 88' lang='lat' dir='ltr'><strong>causa</strong></span> <span class='ocrx_word' id='word_1_257' title='bbox 883 3568 1039 3649; x_wconf 88' lang='lat' dir='ltr'><strong>quia</strong></span> <span class='ocrx_word' id='word_1_258' title='bbox 1090 3568 1157 3629; x_wconf 91' lang='lat' dir='ltr'><strong>in</strong></span> <span class='ocrx_word' id='word_1_259' title='bbox 1204 3567 1459 3629; x_wconf 89' lang='lat' dir='ltr'><strong>mundo</strong></span> <span class='ocrx_word' id='word_1_260' title='bbox 1502 3565 1828 3647; x_wconf 88' lang='lat' dir='ltr'><strong>spirituali</strong></span> <span class='ocrx_word' id='word_1_261' title='bbox 1879 3567 1967 3629; x_wconf 88' lang='lat' dir='ltr'><strong>ad</strong></span> <span class='ocrx_word' id='word_1_262' title='bbox 2020 3567 2339 3630; x_wconf 87' lang='lat' dir='ltr'><strong>dextram</strong></span> <span class='ocrx_word' id='word_1_263' title='bbox 2385 3577 2492 3630; x_wconf 88' lang='lat' dir='ltr'><strong>est</strong></span> <span class='ocrx_word' id='word_1_264' title='bbox 2537 3569 2874 3642; x_wconf 86' lang='lat' dir='ltr'><strong>meridies,</strong></span> 
     </span>
     <span class='ocr_line' id='line_1_31' title="bbox 639 3660 2880 3742; baseline 0.003 -20"><span class='ocrx_word' id='word_1_265' title='bbox 639 3660 749 3723; x_wconf 92' lang='lat' dir='ltr'><strong>ubi</strong></span> <span class='ocrx_word' id='word_1_266' title='bbox 802 3660 896 3724; x_wconf 90' lang='lat' dir='ltr'><strong>illi</strong></span> <span class='ocrx_word' id='word_1_267' title='bbox 953 3661 1065 3742; x_wconf 89' lang='lat' dir='ltr'><strong>qui</strong></span> <span class='ocrx_word' id='word_1_268' title='bbox 1122 3662 1191 3724; x_wconf 89' lang='lat' dir='ltr'><strong>in</strong></span> <span class='ocrx_word' id='word_1_269' title='bbox 1244 3660 1427 3724; x_wconf 84' lang='lat' dir='ltr'><strong>clara</strong></span> <span class='ocrx_word' id='word_1_270' title='bbox 1480 3660 1629 3723; x_wconf 87' lang='lat' dir='ltr'><strong>luce</strong></span> <span class='ocrx_word' id='word_1_271' title='bbox 1687 3662 1828 3723; x_wconf 89' lang='lat' dir='ltr'><strong>veri</strong></span> <span class='ocrx_word' id='word_1_272' title='bbox 1881 3671 2060 3736; x_wconf 90' lang='lat' dir='ltr'><strong>sunt,</strong></span> <span class='ocrx_word' id='word_1_273' title='bbox 2109 3670 2180 3724; x_wconf 90' lang='lat' dir='ltr'><strong>et</strong></span> <span class='ocrx_word' id='word_1_274' title='bbox 2233 3662 2321 3723; x_wconf 88' lang='lat' dir='ltr'><strong>ad</strong></span> <span class='ocrx_word' id='word_1_275' title='bbox 2373 3663 2718 3726; x_wconf 88' lang='lat' dir='ltr'><strong>sinistram</strong></span> <span class='ocrx_word' id='word_1_276' title='bbox 2772 3675 2880 3728; x_wconf 88' lang='lat' dir='ltr'><strong>est</strong></span> 
     </span>
     <span class='ocr_line' id='line_1_32' title="bbox 638 3754 2880 3841; baseline 0.002 -24"><span class='ocrx_word' id='word_1_277' title='bbox 638 3755 1037 3836; x_wconf 88' lang='lat' dir='ltr'><strong>septentrio,</strong></span> <span class='ocrx_word' id='word_1_278' title='bbox 1101 3756 1215 3818; x_wconf 90' lang='lat' dir='ltr'><strong>ubi</strong></span> <span class='ocrx_word' id='word_1_279' title='bbox 1280 3754 1377 3818; x_wconf 91' lang='lat' dir='ltr'><strong>illi</strong></span> <span class='ocrx_word' id='word_1_280' title='bbox 1436 3755 1547 3837; x_wconf 91' lang='lat' dir='ltr'><strong>qui</strong></span> <span class='ocrx_word' id='word_1_281' title='bbox 1606 3755 1675 3817; x_wconf 92' lang='lat' dir='ltr'><strong>in</strong></span> <span class='ocrx_word' id='word_1_282' title='bbox 1735 3755 2022 3818; x_wconf 88' lang='lat' dir='ltr'><strong>obscura</strong></span> <span class='ocrx_word' id='word_1_283' title='bbox 2082 3755 2232 3819; x_wconf 90' lang='lat' dir='ltr'><strong>luce</strong></span> <span class='ocrx_word' id='word_1_284' title='bbox 2292 3757 2432 3819; x_wconf 83' lang='lat' dir='ltr'><strong>veri</strong></span> <span class='ocrx_word' id='word_1_285' title='bbox 2491 3768 2692 3836; x_wconf 88' lang='lat' dir='ltr'><strong>sunt;</strong></span> <span class='ocrx_word' id='word_1_286' title='bbox 2761 3779 2880 3841; x_wconf 90' lang='lat' dir='ltr'><strong>per</strong></span> 
     </span>
     <span class='ocr_line' id='line_1_33' title="bbox 640 3848 2880 3930; baseline 0.003 -20"><span class='ocrx_word' id='word_1_287' title='bbox 640 3848 898 3911; x_wconf 86' lang='lat' dir='ltr'><strong>“urbes</strong></span> <span class='ocrx_word' id='word_1_288' title='bbox 946 3848 1291 3913; x_wconf 88' lang='lat' dir='ltr'><strong>desolatas</strong></span> <span class='ocrx_word' id='word_1_289' title='bbox 1342 3849 1631 3912; x_wconf 87' lang='lat' dir='ltr'><strong>habitari</strong></span> <span class='ocrx_word' id='word_1_290' title='bbox 1685 3848 1950 3912; x_wconf 86' lang='lat' dir='ltr'><strong>sacere&#39;’</strong></span> <span class='ocrx_word' id='word_1_291' title='bbox 1995 3848 2412 3930; x_wconf 87' lang='lat' dir='ltr'><strong>significatur</strong></span> <span class='ocrx_word' id='word_1_292' title='bbox 2455 3851 2598 3913; x_wconf 87' lang='lat' dir='ltr'><strong>vita</strong></span> <span class='ocrx_word' id='word_1_293' title='bbox 2645 3873 2880 3916; x_wconf 88' lang='lat' dir='ltr'><strong>eorum</strong></span> 
     </span>
     <span class='ocr_line' id='line_1_34' title="bbox 636 3940 2853 4024; baseline 0.002 -20"><span class='ocrx_word' id='word_1_294' title='bbox 636 3940 1011 4004; x_wconf 86' lang='lat' dir='ltr'><strong>secundum</strong></span> <span class='ocrx_word' id='word_1_295' title='bbox 1052 3941 1295 4005; x_wconf 88' lang='lat' dir='ltr'><strong>Divina</strong></span> <span class='ocrx_word' id='word_1_296' title='bbox 1329 3962 1509 4016; x_wconf 88' lang='lat' dir='ltr'><strong>vera,</strong></span> <span class='ocrx_word' id='word_1_297' title='bbox 1550 3961 1722 4023; x_wconf 85' lang='lat' dir='ltr'><strong>quae</strong></span> <span class='ocrx_word' id='word_1_298' title='bbox 1760 3943 2050 4006; x_wconf 85' lang='lat' dir='ltr'><strong>antehac</strong></span> <span class='ocrx_word' id='word_1_299' title='bbox 2087 3943 2445 4024; x_wconf 89' lang='lat' dir='ltr'><strong>deperdita</strong></span> <span class='ocrx_word' id='word_1_300' title='bbox 2479 3954 2640 4007; x_wconf 88' lang='lat' dir='ltr'><strong>sunt</strong></span> <span class='ocrx_word' id='word_1_301' title='bbox 2666 3967 2682 4022; x_wconf 87' lang='lat'><strong>;</strong></span> <span class='ocrx_word' id='word_1_302' title='bbox 2713 3952 2853 4010; x_wconf 87' lang='lat' dir='ltr'><strong>“ur</strong></span> 
     </span>
     <span class='ocr_line' id='line_1_35' title="bbox 640 4032 2883 4120; baseline 0.003 -22"><span class='ocrx_word' id='word_1_303' title='bbox 640 4032 803 4098; x_wconf 87' lang='lat' dir='ltr'><strong>bes’&#39;</strong></span> <span class='ocrx_word' id='word_1_304' title='bbox 840 4044 998 4097; x_wconf 89' lang='lat' dir='ltr'><strong>sunt</strong></span> <span class='ocrx_word' id='word_1_305' title='bbox 1042 4055 1203 4098; x_wconf 87' lang='lat' dir='ltr'><strong>vera</strong></span> <span class='ocrx_word' id='word_1_306' title='bbox 1262 4034 1610 4099; x_wconf 64' lang='lat' dir='ltr'><strong>doetrinae</strong></span> <span class='ocrx_word' id='word_1_307' title='bbox 1671 4055 1762 4099; x_wconf 92' lang='lat' dir='ltr'><strong>ex</strong></span> <span class='ocrx_word' id='word_1_308' title='bbox 1810 4034 2063 4112; x_wconf 87' lang='lat' dir='ltr'><strong>Verbo,</strong></span> <span class='ocrx_word' id='word_1_309' title='bbox 2109 4037 2502 4101; x_wconf 87' lang='lat' dir='ltr'><strong>“habitari&#39;&#39;</strong></span> <span class='ocrx_word' id='word_1_310' title='bbox 2539 4039 2883 4120; x_wconf 88' lang='lat' dir='ltr'><strong>significat</strong></span> 
     </span>
     <span class='ocr_line' id='line_1_36' title="bbox 638 4128 2884 4213; baseline 0.004 -24"><span class='ocrx_word' id='word_1_311' title='bbox 638 4128 863 4190; x_wconf 84' lang='lat' dir='ltr'><strong>vivere</strong></span> <span class='ocrx_word' id='word_1_312' title='bbox 922 4130 1296 4193; x_wconf 87' lang='lat' dir='ltr'><strong>secundum</strong></span> <span class='ocrx_word' id='word_1_313' title='bbox 1348 4129 1487 4206; x_wconf 89' lang='lat' dir='ltr'><strong>illa,</strong></span> <span class='ocrx_word' id='word_1_314' title='bbox 1531 4130 1786 4193; x_wconf 87' lang='lat' dir='ltr'><strong>“urbes</strong></span> <span class='ocrx_word' id='word_1_315' title='bbox 1839 4131 2235 4194; x_wconf 87' lang='lat' dir='ltr'><strong>desolatae&#39;’</strong></span> <span class='ocrx_word' id='word_1_316' title='bbox 2273 4128 2714 4213; x_wconf 77' lang='lat' dir='ltr'><strong>¹³¹signif1cant</strong></span> <span class='ocrx_word' id='word_1_317' title='bbox 2765 4135 2884 4198; x_wconf 88' lang='lat' dir='ltr'><strong>illa</strong></span> 
     </span>
    </p>
   </div>
   <div class='ocr_carea' id='block_1_7' title="bbox 636 4223 2882 4398">
    <p class='ocr_par' dir='ltr' id='par_1_7' title="bbox 636 4223 2882 4398">
     <span class='ocr_line' id='line_1_37' title="bbox 636 4223 2882 4308; baseline 0.003 -23"><span class='ocrx_word' id='word_1_318' title='bbox 636 4241 799 4286; x_wconf 86' lang='lat' dir='ltr'><strong>vera</strong></span> <span class='ocrx_word' id='word_1_319' title='bbox 849 4223 1141 4286; x_wconf 88' lang='lat' dir='ltr'><strong>antehac</strong></span> <span class='ocrx_word' id='word_1_320' title='bbox 1196 4223 1573 4305; x_wconf 87' lang='lat' dir='ltr'><strong>deperdita,</strong></span> <span class='ocrx_word' id='word_1_321' title='bbox 1630 4243 1877 4307; x_wconf 86' lang='lat' dir='ltr'><strong>nempe</strong></span> <span class='ocrx_word' id='word_1_322' title='bbox 1929 4227 2108 4308; x_wconf 89' lang='lat' dir='ltr'><strong>apud</strong></span> <span class='ocrx_word' id='word_1_323' title='bbox 2161 4237 2444 4308; x_wconf 85' lang='lat' dir='ltr'><strong>gentem</strong></span> <span class='ocrx_word' id='word_1_324' title='bbox 2505 4227 2882 4308; x_wconf 76' lang='lat' dir='ltr'><strong>judaicam.</strong></span> 
     </span>
     <span class='ocr_line' id='line_1_38' title="bbox 643 4315 1203 4398; baseline 0 -18"><span class='ocrx_word' id='word_1_325' title='bbox 643 4315 855 4398; x_wconf 87' lang='lat' dir='ltr'><strong>Apud</strong></span> <span class='ocrx_word' id='word_1_326' title='bbox 890 4317 1203 4393; x_wconf 88' lang='lat' dir='ltr'><strong>eundem,</strong></span> 
     </span>
    </p>
   </div>
   <div class='ocr_carea' id='block_1_8' title="bbox 724 4461 2886 4532">
    <p class='ocr_par' dir='ltr' id='par_1_8' title="bbox 724 4461 2886 4532">
     <span class='ocr_line' id='line_1_39' title="bbox 724 4461 2886 4532; baseline 0.002 -19.03"><span class='ocrx_word' id='word_1_327' title='bbox 724 4461 770 4487; x_wconf 80' lang='lat'><strong>⁰·</strong></span> <span class='ocrx_word' id='word_1_328' title='bbox 784 4461 985 4515; x_wconf 88' lang='lat' dir='ltr'><strong>Notum</strong></span> <span class='ocrx_word' id='word_1_329' title='bbox 1006 4463 1133 4511; x_wconf 79' lang='lat' dir='ltr'><strong>fiet*</strong></span> <span class='ocrx_word' id='word_1_330' title='bbox 1120 4478 1174 4512; x_wconf 75' lang='lat' dir='ltr'><strong>in</strong></span> <span class='ocrx_word' id='word_1_331' title='bbox 1193 4465 1447 4525; x_wconf 81' lang='lat' dir='ltr'><strong>gentibus</strong></span> <span class='ocrx_word' id='word_1_332' title='bbox 1464 4479 1650 4514; x_wconf 83' lang='lat' dir='ltr'><strong>semen</strong></span> <span class='ocrx_word' id='word_1_333' title='bbox 1676 4479 1877 4523; x_wconf 88' lang='lat' dir='ltr'><strong>eorum,</strong></span> <span class='ocrx_word' id='word_1_334' title='bbox 1895 4474 1950 4515; x_wconf 89' lang='lat' dir='ltr'><strong>et</strong></span> <span class='ocrx_word' id='word_1_335' title='bbox 1969 4465 2214 4528; x_wconf 78' lang='lat' dir='ltr'><strong>prognati</strong></span> <span class='ocrx_word' id='word_1_336' title='bbox 2234 4481 2417 4514; x_wconf 89' lang='lat' dir='ltr'><strong>eorum</strong></span> <span class='ocrx_word' id='word_1_337' title='bbox 2439 4467 2492 4515; x_wconf 90' lang='lat' dir='ltr'><strong>in</strong></span> <span class='ocrx_word' id='word_1_338' title='bbox 2513 4467 2695 4516; x_wconf 88' lang='lat' dir='ltr'><strong>medio</strong></span> <span class='ocrx_word' id='word_1_339' title='bbox 2713 4481 2886 4532; x_wconf 87' lang='lat' dir='ltr'><strong>popu-</strong></span> 
     </span>
    </p>
   </div>
   <div class='ocr_carea' id='block_1_9' title="bbox 898 4529 2885 4658">
    <p class='ocr_par' dir='ltr' id='par_1_9' title="bbox 898 4529 2885 4658">
     <span class='ocr_line' id='line_1_40' title="bbox 898 4529 2885 4595; baseline 0.003 -18"><span class='ocrx_word' id='word_1_340' title='bbox 898 4529 1104 4587; x_wconf 87' lang='lat' dir='ltr'><strong>lorum;</strong></span> <span class='ocrx_word' id='word_1_341' title='bbox 1150 4543 1343 4577; x_wconf 85' lang='lat' dir='ltr'><strong>omnes</strong></span> <span class='ocrx_word' id='word_1_342' title='bbox 1378 4529 1621 4580; x_wconf 81' lang='lat' dir='ltr'><strong>videntes</strong></span> <span class='ocrx_word' id='word_1_343' title='bbox 1655 4544 1751 4578; x_wconf 81' lang='lat' dir='ltr'><strong>eos</strong></span> <span class='ocrx_word' id='word_1_344' title='bbox 1792 4541 2086 4593; x_wconf 77' lang='lat' dir='ltr'><strong>agnoscent</strong></span> <span class='ocrx_word' id='word_1_345' title='bbox 2119 4545 2231 4590; x_wconf 87' lang='lat' dir='ltr'><strong>eos,</strong></span> <span class='ocrx_word' id='word_1_346' title='bbox 2265 4531 2409 4595; x_wconf 83' lang='lat' dir='ltr'><strong>quod</strong></span> <span class='ocrx_word' id='word_1_347' title='bbox 2451 4531 2526 4581; x_wconf 86' lang='lat' dir='ltr'><strong>illi</strong></span> <span class='ocrx_word' id='word_1_348' title='bbox 2571 4547 2762 4582; x_wconf 87' lang='lat' dir='ltr'><strong>semen</strong></span> <span class='ocrx_word' id='word_1_349' title='bbox 2798 4533 2885 4582; x_wconf 80' lang='lat' dir='ltr'><strong>cui</strong></span> 
     </span>
     <span class='ocr_line' id='line_1_41' title="bbox 899 4591 1725 4658; baseline 0.003 -15"><span class='ocrx_word' id='word_1_350' title='bbox 899 4593 1171 4643; x_wconf 81' lang='lat' dir='ltr'><strong>benedixit</strong></span> <span class='ocrx_word' id='word_1_351' title='bbox 1192 4591 1484 4657; x_wconf 67' lang='lat' dir='ltr'><strong>Jehovnh”</strong></span> <span class='ocrx_word' id='word_1_352' title='bbox 1508 4595 1619 4657; x_wconf 74' lang='lat' dir='ltr'><strong>(lxi.</strong></span> <span class='ocrx_word' id='word_1_353' title='bbox 1643 4595 1725 4658; x_wconf 82' lang='lat'><strong>9):</strong></span> 
     </span>
    </p>
   </div>
  </div>
 </body>
</html>
