3259 5384
573 675 732 744 1992
1187 670 1690 726 APOCALYPSIS
1736 669 2188 722 EXPLICATA.

567 852 716 908 tum
740 851 981 908 contra
1000 859 1304 910 amorem
1325 838 1798 924 coniugialem,
1820 838 1933 924 qui
1958 848 2063 904 est
2090 837 2313 906 mariti
2336 857 2501 922 erga
2524 853 2812 902 uxorem

566 946 639 1002 et
693 936 926 1000 uxoris
979 955 1144 1017 erga
1198 936 1537 1011 maritum,
1585 944 1664 998 ut
1716 943 1788 998 et
1842 944 2087 998 contra
2128 951 2431 996 amorem
2476 940 2810 1006 mutuum.

568 1029 681 1116 qui
717 1039 822 1094 est
859 1029 1140 1092 fratrum
1171 1037 1242 1093 et
1279 1049 1590 1092 sororum
1621 1029 1801 1092 inter
1832 1048 1947 1104 se3
1994 1028 2205 1094 immo
2235 1025 2440 1092 docet
2480 1025 2815 1091 Dominus

569 1125 753 1209 quod
790 1144 916 1189 nec
959 1123 1210 1187 inimici
1256 1123 1416 1188 odio
1459 1122 1757 1188 habendi
1802 1123 1959 1197 sint,
2001 1121 2125 1186 sed
2167 1121 2461 1184 arnandi.
2550 1119 2665 1182 Ex
2709 1117 2817 1180 his

570 1228 766 1302 patet
816 1219 997 1301 quod
1053 1237 1170 1300 per
1224 1219 1501 1281 nomina
1552 1218 2230 1298 consanguineorum,
2278 1212 2687 1279 affinitatum
2742 1220 2813 1274 et

571 1315 1100 1397 propinquorum
1139 1313 1204 1374 in
1240 1311 1476 1375 Verbo
1517 1309 1991 1392 intelligantur
2029 1307 2536 1391 consanguinei,
2576 1305 2815 1369 affines

571 1417 643 1474 et
680 1407 1036 1490 propinqui
1073 1407 1140 1470 in
1178 1426 1382 1470 sensu
1419 1405 1769 1487 spirituali.
1858 1403 2071 1486 Apud
2108 1402 2411 1478 eosdem,

679 1539 839 1606 Jews
860 1540 996 1590 dixit
1017 1539 1310 1602 discipulis,
1337 1538 1582 1591 “Tradet
1605 1537 1773 1588 irater
1793 1537 2013 1588 fratrem
2036 1537 2092 1587 in
2117 1545 2365 1595 merten,
2383 1545 2539 1599 pater
2558 1533 2742 1592 filium.
2760 1540 2816 1583 et

833 1606 1112 1720 ins-urbem
1139 1605 1508 1729 liogrilgontra
1539 1612 1808 1667 parentes,
1836 1611 1893 1652 et
1925 1603 2089 1652 morti
2114 1603 2320 1652 dabunt
2352 1599 2493 1651 eos”
2520 1599 2739 1662 (Matth.
2764 1614 2813 1649 x.

673 1682 999 1786 “Divifiziur
1030 1685 1412 1798 g'acte'rtncontrd
1449 1733 1631 1793 filium,
1669 1741 1725 1784 et
1761 1733 1901 1783 fliius
1936 1741 2128 1782 contra
2160 1741 2384 1796 patrem,
2420 1739 2595 1781 mater
2628 1737 2817 1780 contra

834 1801 996 1851 filiam
1021 1810 1076 1850 et
1099 1800 1210 1849 filia
1231 1809 1422 1850 contra
1445 1809 1689 1859 matrem,
1708 1813 1895 1850 noema
1918 1807 2109 1848 contra
2130 1811 2340 1856 nurum,
2360 1807 2413 1846 et
2437 1810 2605 1846 nurus
2628 1805 2819 1844 contra

833 1881 1048 1916 socrum
1063 1865 1092 1884 '⁰
1115 1866 1264 1928 (Luc.
1287 1865 1377 1915 xii.
1406 1864 1520 1926 53):

535 2032 544 2042 ·
572 1999 754 2083 quod
787 2018 1004 2082 neque
1033 1998 1202 2061 haec
1235 1995 1687 2078 intelligenda
1719 1996 1857 2060 sint
1888 1994 2259 2059 secundum
2292 1993 2614 2069 litteram,
2650 2013 2816 2056 con·-

572 2101 713 2156 stat
771 2113 861 2156 ex
923 2090 1486 2174 praecedentibus
1546 2090 1657 2166 ibi,
1716 2089 1828 2153 ubi
1886 2090 2081 2171 jesus
2148 2088 2315 2152 dicit
2380 2086 2563 2172 quod
2621 2092 2814 2150 “non

571 2187 833 2250 venerit
865 2186 955 2250 ad
985 2185 1284 2250 dandum
1318 2203 1558 2266 pacem
1589 2205 1790 2266 super
1821 2194 2022 2259 terra,
2056 2180 2177 2246 sed
2208 2180 2670 2258 divisionem‚”
2693 2181 2817 2244 sed

573 2282 755 2364 quod
790 2285 1045 2344 “erunt
1083 2281 1376 2363 quinque
1415 2279 1483 2341 in
1520 2297 1655 2340 una
1692 2278 1901 2342 domo
1938 2277 2154 2354 divisi,
2187 2287 2327 2341 tres
2366 2284 2608 2340 contra
2644 2275 2817 2338 duos

573 2385 646 2438 et
683 2375 818 2438 duo
857 2383 1096 2438 contra
1141 2373 1340 2449 treS,”
1377 2393 1496 2454 per
1531 2393 1706 2455 quae
1750 2371 2168 2454 significatur
2202 2371 2386 2454 quod
2431 2379 2817 2452 pugnatura

572 2469 710 2533 sint
754 2468 924 2532 salsa
967 2478 1040 2531 et
1085 2467 1268 2531 mala
1311 2477 1554 2531 contra
1594 2487 1755 2530 vera
1798 2475 1871 2531 et
1915 2467 2118 2542 bona,
2158 2484 2237 2530 ac
2278 2465 2591 2539 vicissim,
2633 2462 2817 2547 quod

573 2561 650 2627 fit
686 2562 961 2646 quando
1005 2562 1214 2625 homo
1259 2562 1326 2624 in
1373 2562 1793 2625 tentationes
1840 2561 2028 2624 venit
2074 2569 2145 2623 et
2200 2559 2641 2636 reformatur;
2701 2555 2817 2620 illa

573 2676 805 2739 pugna
849 2677 968 2739 per
1008 2656 1462 2720 “divisionem
1479 2655 1510 2680 ”
1547 2665 1618 2718 et
1662 2652 2277 2718 “insurrectionem
2292 2653 2321 2679 '³
2358 2651 2812 2734 significatur:

573 2751 756 2834 quod
788 2755 827 2783 “
847 2760 1041 2833 pater
1065 2750 1402 2814 dividetur
1425 2759 1665 2813 contra
1690 2748 1898 2812 filium
1930 2759 2001 2812 et
2032 2747 2207 2811 filius
2232 2756 2473 2811 contra
2504 2756 2769 2827 patrem
2784 2745 2816 2772 '⁹

572 2845 908 2928 significat
956 2845 1140 2929 quod
1195 2843 1449 2908 malum
1505 2854 1961 2926 pugnaturum
2016 2845 2105 2907 sit
2150 2853 2393 2906 contra
2438 2860 2695 2916 verum,
2742 2852 2814 2905 et

571 2959 806 3004 verum
866 2950 1104 3003 contra
1165 2939 1460 3017 malum;
1515 2939 1605 3002 ibi
1655 2937 1957 3020 “pater’'
2009 2948 2116 3001 est
2170 2936 2423 3000 malum
2471 2935 2653 3017 quod
2709 2943 2817 2998 est

573 3035 916 3116 proprium
961 3033 1274 3109 homini5‚
1323 3043 1394 3097 et
1435 3031 1711 3096 “filius’'
1748 3042 1857 3095 est
1900 3051 2132 3094 verum
2180 3030 2360 3113 quod
2407 3038 2513 3093 est
2558 3029 2815 3093 homini

571 3149 615 3192 a
651 3128 984 3192 Domino:
1033 3127 1216 3212 quod
1253 3127 1593 3209 cupiditas
1623 3127 1771 3190 salsi
1809 3137 2194 3209 pugnatura
2224 3127 2312 3189 sit
2344 3135 2585 3188 contra
2615 3122 2816 3187 affec·

571 3223 830 3287 tionem
861 3223 1022 3297 veri,
1057 3231 1128 3285 et
1165 3219 1432 3286 affectio
1466 3223 1606 3284 veri
1643 3231 1883 3284 contra
1914 3220 2360 3303 cupiditatem
2398 3218 2567 3292 salsi,
2603 3218 2813 3299 signi-

572 3315 810 3380 ficatur
855 3336 973 3398 per
1016 3315 1198 3400 quod
1249 3315 1651 3379 “dividetur
1708 3328 1928 3379 mater
1980 3325 2221 3378 contra
2277 3313 2505 3387 filiam,
2554 3322 2624 3375 et
2678 3310 2814 3374 filia

572 3421 813 3476 contra
851 3421 1140 3474 matrem
1164 3410 1215 3488 ;”
1256 3416 1534 3474 “mater
1549 3411 1580 3436 '⁸
1615 3409 1707 3473 ibi
1744 3420 1853 3473 est
1891 3409 2225 3491 cupiditas
2260 3408 2429 3482 falsi,
2466 3417 2537 3471 et
2574 3405 2814 3469 “filia'’

572 3517 678 3570 est
710 3503 977 3570 afsec'tio
1009 3507 1186 3583 veri3
1235 3515 1306 3568 et
1344 3505 1438 3568 sic
1478 3524 1716 3586 porro:
1767 3504 1949 3586 quod
1980 3505 2078 3567 ita
2110 3505 2219 3578 sit,
2252 3503 2461 3566 etiam
2493 3512 2810 3566 constare

573 3611 804 3683 potest
850 3621 941 3664 ex
978 3621 1082 3676 eo,
1123 3599 1305 3684 quod
1354 3600 1688 3663 Dominus
1732 3599 1891 3662 alibi
1936 3600 2119 3662 dicat
2162 3597 2267 3680 (ut
2304 3597 2467 3672 Joh.
2507 3598 2646 3660 xiv.
2686 3613 2808 3678 273

571 3715 718 3778 cap.
757 3695 896 3759 xvi.
936 3694 1070 3777 33),
1111 3694 1295 3776 quod
1335 3695 1400 3756 in
1441 3693 1604 3776 Ipso
1642 3699 1939 3774 “pacem
1978 3693 2270 3756 habituri
2308 3692 2504 3767 sint,'’
2540 3693 2637 3754 ita
2674 3711 2811 3755 non

573 3791 992 3853 divisionem.
1082 3787 1290 3870 Apud
1327 3787 1600 3864 Lucam,

681 3922 925 3986 Angelus
960 3922 1095 3972 dixit
1128 3922 1197 3972 ad
1227 3923 1533 3972 sachariam
1563 3922 1630 3971 de
1659 3919 1925 3986 johanne,
1955 3921 2289 3972 “Pi-accedet
2318 3935 2497 3971 coram
2516 3921 2545 3940 ”
2578 3921 2813 3971 Domino

835 3989 870 4104 ἓ
871 3988 944 4102 1ὶὲ
945 3988 1184 4116 sappi-ita
1186 3999 1251 4116 >et
1286 3987 1483 4038 virtute
1529 3987 1693 4047 Eliae,
1731 3990 1800 4037 ad
1834 3989 2258 4036 convertendum
2294 3988 2457 4036 corda
2497 3999 2707 4050 patrum
2744 3987 2827 4037 ad⁴

573 4187 643 4241 et
681 4177 862 4258 apud
899 4174 1335 4251 Malachiam,

675 4293 704 4314 ‘⁴
721 4289 936 4340 Mittam
953 4290 1114 4339 vobis
1139 4287 1312 4339 Enam
1338 4289 1671 4352 prophetam,
1691 4299 1977 4354 antequam
2004 4289 2151 4339 venit
2175 4289 2291 4338 dies
2314 4288 2555 4354 jehovae
2581 4303 2812 4352 magnus

835 4365 890 4406 et
923 4355 1192 4414 terribilia,
1221 4364 1281 4406 ut
1313 4363 1596 4404 convertat
1628 4369 1724 4405 cor
1756 4366 1967 4418 patrum
2002 4357 2071 4405 ad
2099 4355 2254 4414 filios.
2283 4365 2337 4404 et
2364 4369 2457 4404 cor
2484 4355 2715 4404 filiorum
2744 4355 2811 4404 ad

831 4430 1010 4485 patres
1029 4435 1231 4480 eorum,
1251 4435 1320 4470 ne
1346 4421 1560 4470 veniam
1585 4430 1638 4470 et
1664 4421 1956 4484 percutiam
1981 4431 2179 4470 terram
2202 4422 2547 4470 anathemate
2564 4420 2592 4440 ”
2616 4421 2711 4482 (iii.
2732 4432 2809 4481 23.

836 4498 900 4548 24
926 4483 1015 4551 [B.
1041 4487 1109 4536 A.
1135 4486 1204 4537 iv.
1232 4497 1276 4546 5,
1300 4483 1412 4550 6]);

571 4620 753 4704 quod
794 4617 1142 4702 johannes
1195 4619 1512 4702 Baptista
1555 4619 1960 4700 praemissus
2006 4621 2093 4684 sit
2140 4620 2226 4684 ad
2272 4620 2813 4701 praeparandum
