3259 5384
599 637 765 708 1954
1215 636 1721 689 APOCALYPSIS
1768 636 2221 688 EXPLICATA.

591 805 704 870 vel
757 804 985 882 fidem,
1031 805 1144 870 vel
1190 803 1477 870 fructum
1533 803 1771 881 talem,
1820 825 2045 888 quem,
2092 805 2251 888 quia
2302 803 2839 886 nihil·c-ogitant

588 901 677 965 de
707 900 953 976 facere,
989 921 1126 964 non
1159 901 1530 966 comedunt
1557 921 1572 978 ;
1621 901 1907 983 proinde
1946 900 2065 963 illo
2096 897 2315 963 fructu
2346 919 2419 962 se
2452 919 2591 962 non
2623 900 2838 963 nutri-

589 1005 755 1060 unt:
815 1003 1172 1078 praeterea
1205 1015 1332 1060 nec
1369 995 1753 1058 admittunt
1790 994 1911 1058 illa
1946 975 2277 1076 prin¹cipia
2312 993 2493 1057 ultra
2529 1012 2734 1075 quam
2770 994 2839 1055 in

589 1093 1014 1165 memoriam,
1071 1101 1142 1154 et
1197 1091 1356 1154 inde
1409 1092 1478 1154 in
1531 1092 2030 1172 cogitationem
2086 1091 2148 1154 ei
2202 1091 2609 1171 proximam,
2666 1108 2840 1171 quae

587 1195 696 1252 est
735 1186 1072 1268 cogitatio
1111 1186 1466 1261 sensualis,
1505 1187 1574 1248 in
1621 1206 1756 1268 qua
1802 1184 1969 1248 nihil
2016 1182 2390 1267 spirituale,
2430 1203 2605 1266 quae
2649 1183 2839 1264 cogi-

589 1280 769 1344 tatio
813 1298 954 1342 non
997 1279 1320 1361 explorat
1367 1298 1530 1342 num
1570 1297 1805 1342 verum
1852 1279 1984 1357 sit;
2037 1297 2245 1361 quare
2284 1288 2535 1340 cavent
2581 1297 2666 1340 ne
2714 1275 2840 1340 ali-

590 1375 753 1456 quid
822 1374 1035 1437 intret
1095 1374 1316 1437 visum
1373 1374 1789 1448 interiorem,
1852 1373 1965 1455 qui
2030 1381 2140 1436 est
2200 1368 2633 1450 intellectu&
2702 1389 2839 1434 non

589 1467 909 1530 volentes
946 1469 1117 1531 scire
1162 1468 1344 1550 quod
1391 1469 1620 1530 omnia
1667 1467 1785 1530 illa
1828 1487 2001 1550 quae
2048 1467 2135 1529 de
2180 1464 2313 1529 fide
2349 1464 2621 1529 illorum
2658 1461 2841 1528 dicta

589 1573 774 1637 sunt,
815 1572 1058 1625 contra
1103 1559 1532 1626 intellectum
1579 1561 1997 1625 illustratum
2043 1562 2205 1636 sint,
2238 1561 2420 1624 sicut
2466 1569 2626 1624 sunt
2672 1579 2837 1622 con·

589 1665 699 1719 tra
744 1657 1114 1738 genuinum
1153 1675 1428 1720 sensum
1470 1656 1703 1720 Verbi.
1796 1655 1965 1720 Inde
2008 1675 2279 1737 quoque
2324 1663 2433 1718 est
2479 1653 2660 1737 quod
2708 1652 2839 1718 illis

591 1750 704 1832 qui
769 1760 976 1832 caput
1037 1749 1354 1813 draconis
1411 1751 1869 1825 constituunt,
1932 1769 2071 1813 non
2136 1747 2415 1831 aliquod
2471 1749 2837 1830 genuinum

589 1863 824 1907 verum
855 1845 945 1908 sit
972 1865 987 1921 ;
1035 1864 1172 1907 non
1199 1846 1382 1908 enim
1415 1866 1505 1908 ex
1537 1845 1711 1908 salso
1734 1845 2085 1927 principie,
2112 1844 2293 1926 quod
2326 1853 2435 1906 est
2466 1843 2616 1906 sola
2644 1841 2835 1916 fides,

591 1937 921 2021 profluere
967 1949 1257 2021 possunt
1314 1941 1440 2003 nisi
1493 1939 1668 2002 falsa
1723 1941 1791 2002 in
1835 1939 2165 2003 continua
2218 1938 2431 2016 serie;
2494 1947 2603 2000 est
2658 1938 2837 2000 enim

591 2031 742 2095 sola
777 2031 948 2097 fides
986 2052 1124 2096 non
1161 2033 1429 2108 dabilis,
1473 2053 1632 2096 nam
1672 2031 1841 2097 fides
1878 2033 2135 2115 absque
2172 2032 2517 2096 charitate
2556 2049 2693 2094 non
2730 2040 2836 2094 est

591 2125 800 2204 fides;
853 2128 1082 2190 anima
1127 2129 1310 2191 enim
1355 2127 1512 2194 fidei
1557 2139 1669 2191 est
1714 2129 2057 2205 charitas;
2110 2147 2319 2210 quare
2356 2126 2582 2189 dicere
2618 2125 2837 2190 solam

594 2219 820 2296 fidem,
861 2232 966 2284 est
1006 2223 1232 2286 dicere
1277 2222 1460 2305 quod
1505 2223 1764 2305 absque
1800 2223 2048 2298 anima,
2088 2223 2187 2286 ita
2222 2221 2480 2304 absque
2518 2222 2661 2284 vita
2704 2233 2835 2296 est,

593 2316 778 2397 quod
815 2316 882 2378 in
921 2337 996 2379 se
1032 2327 1140 2380 est
1179 2327 1545 2381 mortuum.

723 2407 875 2492 (iii.)
941 2409 1145 2490 Quod
1183 2410 1282 2475 illi
1317 2413 1433 2494 qui
1470 2432 1561 2475 ex
1595 2411 1867 2494 propria
1898 2410 2361 2492 intelligentia
2392 2409 2835 2475 excluserunt

589 2502 720 2566 sibi
755 2504 1091 2584 dogmata
1134 2525 1224 2568 ex
1267 2505 1500 2570 Verbo
1536 2525 1785 2587 corpus
1822 2506 2140 2570 draconis
2176 2505 2631 2579 constituant,
2670 2523 2835 2567 con-

589 2607 776 2664 stare
809 2607 1044 2679 potest
1075 2619 1166 2662 ex
1199 2619 1304 2674 e0,
1338 2599 1519 2681 quod
1555 2619 1795 2664 omnes
1826 2621 1917 2664 ex
1950 2598 2104 2674 illis,
2138 2600 2251 2681 qui
2284 2599 2568 2662 student
2602 2598 2837 2662 Verbo

591 2709 670 2752 ac
709 2691 776 2752 in
811 2710 1044 2755 amore
1073 2694 1175 2756 sui
1208 2703 1390 2768 sunt,
1424 2695 1637 2757 etiam
1674 2695 1741 2756 in
1780 2692 1959 2756 sastu
1992 2695 2301 2776 propriae
2334 2692 2837 2774 intelligentiae

591 2785 773 2863 sint;
829 2794 901 2849 et
939 2805 1178 2850 omnes
1215 2788 1328 2870 qui
1365 2789 1434 2851 in
1473 2787 1603 2851 hoc
1643 2788 1823 2851 fastu
1860 2798 2042 2863 sunt,
2082 2799 2155 2852 et
2192 2786 2391 2851 simul
2430 2788 2708 2867 ingenio
2744 2807 2835 2850 ex

596 2879 890 2944 naturali
928 2879 1180 2944 lumine
1219 2881 1510 2965 pollent,
1545 2881 1645 2946 illi
1683 2881 2063 2946 excludunt
2102 2882 2227 2945 sibi
2265 2883 2601 2963 dogmata
2634 2881 2835 2958 inde;

591 2994 684 3037 ex
732 2973 860 3038 hac
907 2976 1169 3057 origine
1215 2987 1374 3040 sunt
1425 2996 1666 3040 omnes
1712 2977 2053 3050 haereseS,
2093 2986 2165 3040 et
2212 2995 2451 3040 omnes
2498 2974 2837 3040 falsitates

591 3067 660 3129 in
707 3067 870 3131 orbe
919 3067 1330 3134 Christiano.
1425 3069 1811 3134 Dicendum
1866 3081 1973 3134 est
2030 3070 2191 3153 quid
2236 3069 2701 3152 intelligentia
2744 3090 2837 3132 ex

591 3163 886 3244 proprie,
921 3173 992 3227 et
1030 3164 1190 3246 quid
1228 3163 1697 3246 intelligentia
1732 3185 1823 3228 ex
1864 3185 2001 3228 non
2040 3165 2335 3248 proprio,
2424 3162 2837 3245 Intelligen-

593 3256 690 3318 tia
735 3275 827 3318 ex
865 3259 1138 3339 proprio
1173 3267 1282 3322 est
1328 3279 1419 3322 ex
1457 3268 1702 3334 semet,
1744 3269 1815 3322 at
1854 3257 2319 3340 intelligentia
2356 3279 2445 3322 ex
2492 3277 2630 3322 non
2676 3277 2834 3340 pro-

591 3352 740 3434 prio
777 3361 884 3415 est
931 3371 972 3414 a
1008 3350 1328 3416 Domino,
1423 3352 1903 3435 Intelligentia
1938 3373 2029 3416 ex
2069 3354 2341 3435 proprio
2378 3362 2485 3416 est
2524 3353 2838 3415 omnibus

592 3445 727 3508 illis
772 3447 886 3528 qui
933 3447 998 3509 in
1045 3467 1278 3511 amore
1315 3448 1416 3510 sui
1463 3458 1647 3522 sunt,
1690 3466 1847 3510 narn
1893 3467 2085 3511 amor
2123 3447 2223 3510 sui
2264 3456 2373 3510 est
2411 3448 2633 3528 ipsum
2678 3467 2836 3528 pro·

593 3541 809 3622 prium
842 3540 1157 3617 hominiS,
1185 3550 1256 3605 et
1288 3541 1386 3606 illi
1417 3543 1484 3604 in
1518 3561 1751 3606 amore
1782 3541 1884 3605 sui
1916 3551 2075 3604 sunt
2108 3543 2220 3625 qui
2255 3540 2493 3623 legunt
2528 3540 2834 3604 Verbum

592 3643 666 3698 et
726 3635 884 3698 inde
949 3634 1288 3718 colligunt
1347 3636 1683 3718 dogmata
1742 3647 2021 3718 propter
2079 3635 2351 3711 samam,
2412 3634 2704 3717 gloriam
2762 3645 2835 3698 et

591 3731 931 3809 honores3
984 3739 1057 3794 et
1102 3731 1260 3813 quia
1303 3730 1401 3794 illi
1447 3750 1584 3794 non
1631 3731 1859 3814 aliqua
1896 3751 2057 3794 vera
2095 3740 2382 3813 possunt
2421 3730 2673 3806 videre,
2714 3730 2836 3794 sed

591 3825 802 3888 modo
833 3824 1024 3900 falsa,
1059 3825 1215 3914 ideo
1251 3826 1318 3888 in
1357 3825 1673 3888 draconis
1706 3845 1990 3908 corpore
2028 3835 2228 3902 sunt;
2277 3824 2615 3906 colligunt
2654 3825 2837 3910 enirn

591 3931 667 3986 et
697 3920 1079 3985 excludunt
1111 3920 1280 3985 talia
1309 3941 1400 3984 ex
1434 3920 1673 3984 Verbo
1702 3941 1877 4003 quae
1908 3920 2140 3984 favent
2168 3921 2511 3984 amoribus
2545 3919 2834 3994 illorum,

590 4034 671 4078 ac
731 4015 892 4080 inde
950 4015 1480 4080 scaturientibus
1539 4015 1779 4094 malis;
1842 4035 1922 4080 ac
1984 4015 2104 4079 illa
2161 4035 2334 4098 quae
2394 4015 2836 4096 dogmatibus

591 4109 864 4174 illorum
911 4110 1437 4187 contrariantur,
1484 4129 1663 4193 quae
1714 4120 1876 4174 sunt
1921 4130 2083 4174 vera
2134 4130 2225 4173 ex
2279 4109 2485 4184 bono,
2533 4107 2645 4172 vel
2700 4127 2837 4172 non

593 4205 855 4280 vident,
902 4205 1016 4268 vel
1069 4213 1492 4287 pervertunt.
1585 4204 2061 4287 Intelligentia
2111 4213 2347 4268 autem
2401 4223 2491 4267 ex
2538 4202 2837 4266 Domino

592 4311 702 4364 est
739 4299 1056 4364 omnibus
1091 4298 1228 4362 illis
1264 4299 1378 4382 qui
1414 4299 1482 4362 in
1519 4296 1879 4364 affectione
1908 4299 2049 4362 veri
2087 4297 2421 4381 spirituali
2458 4307 2659 4376 sunt;
2706 4296 2836 4360 hoc

591 4405 724 4470 est,
782 4395 896 4478 qui
948 4403 1186 4458 amant
1241 4412 1477 4458 verum
1531 4393 1691 4476 quia
1742 4403 1850 4458 est
1905 4411 2161 4468 verum,
2218 4402 2291 4458 et
2346 4393 2505 4474 quia
2556 4391 2839 4456 inservit

591 4491 778 4553 vitae
803 4497 1146 4566 aeternae,
1173 4507 1252 4552 ac
1284 4489 1468 4554 vitae
1499 4489 1878 4552 animarum
1902 4487 2277 4552 hominum.
2365 4485 2633 4550 Dicitur
2655 4484 2839 4569 quod

593 4583 1056 4667 intelligentia
1099 4601 1334 4650 eorum
1388 4601 1524 4647 non
1579 4583 1669 4647 sit
1724 4603 1815 4648 ex
1868 4583 2140 4666 proprio
2192 4580 2315 4646 sed
2368 4601 2459 4646 ex
2514 4579 2837 4656 Domino,
