3259 5384
1005 664 1169 715 CAP.
1202 664 1379 727 xm,
1413 663 1621 715 VERS.
1667 662 1922 730 14.-·-·N.
1957 649 2100 731 908.
2506 661 2678 727 2449

426 828 685 911 judicat
742 830 1111 909 hominem,
1151 834 1361 897 etiam
1422 832 1720 905 dicetur:
1790 832 1996 895 homo
2051 830 2164 913 qui
2221 830 2286 892 in
2339 827 2524 891 salsis
2579 848 2670 890 ex

434 924 617 989 malo
647 935 774 1001 est,
810 947 901 989 ex
934 938 1338 1008 contemptu
1368 936 1439 992 et
1472 925 1834 1010 rejectione
1868 925 2093 989 Divini
2118 924 2304 997 Veri,
2329 925 2385 986 is
2415 924 2482 986 in
2513 923 2672 985 odio

431 1029 538 1084 est
571 1031 812 1084 contra
841 1020 1029 1095 illud,
1064 1042 1143 1084 ac
1176 1021 1420 1103 flagrat
1456 1022 1521 1084 id
1556 1022 1904 1085 destruere
1943 1019 2120 1101 apud
2159 1017 2672 1099 unumquemvis

431 1114 545 1196 qui
580 1115 647 1176 in
686 1114 805 1177 illo
840 1136 881 1179 a
919 1115 1217 1179 Domino
1248 1127 1394 1193 est;
1441 1116 1620 1198 quod
1664 1134 1814 1179 cum
1854 1124 2160 1189 conatur,
2195 1123 2301 1175 est
2334 1113 2520 1195 quasi
2557 1112 2670 1193 qui

430 1228 503 1270 se
550 1208 618 1271 in
663 1210 894 1290 ignem
934 1208 1227 1289 conjicit,
1266 1220 1385 1273 aut
1430 1211 1605 1274 sicut
1652 1212 1798 1292 quis
1835 1210 2073 1273 faciem
2120 1219 2360 1270 contra
2406 1216 2670 1287 petram

432 1302 674 1380 illidit;
723 1324 859 1367 non
898 1305 1080 1387 quod
1118 1306 1293 1386 ignis
1329 1325 1533 1368 causa
1572 1306 1680 1379 sit,
1723 1324 1847 1367 nec
1887 1314 2102 1385 petra,
2145 1302 2264 1364 sed
2313 1303 2520 1365 homo
2557 1302 2670 1382 qui

430 1395 560 1459 hoc
592 1396 791 1460 facit:
856 1418 1013 1461 nam
1058 1420 1165 1462 res
1209 1400 1275 1461 in
1322 1419 1395 1462 se
1442 1400 1597 1462 talis
1645 1410 1772 1475 est,
1809 1397 1990 1480 quod
2046 1396 2364 1459 Divinum
2412 1394 2668 1457 Verum

432 1508 761 1572 nusquam
809 1503 1070 1573 pugnet
1116 1503 1357 1556 contra
1400 1493 1639 1556 salsum
1688 1514 1776 1556 ex
1833 1491 2036 1565 malo,
2077 1491 2197 1553 sed
2249 1490 2376 1553 hoc
2429 1498 2670 1552 contra

428 1581 616 1659 illud,
653 1587 934 1666 proinde
968 1606 1102 1650 non
1143 1587 1407 1651 caelum
1446 1599 1690 1652 contra
1725 1587 2078 1661 infernum,
2114 1584 2234 1648 sed
2267 1586 2397 1647 hoc
2431 1593 2670 1647 contra

429 1676 616 1741 illud.

550 1770 764 1851 908.
820 1771 940 1834 “et
966 1772 1030 1835 in
1060 1793 1244 1835 manu
1271 1792 1389 1837 sua
1426 1764 1661 1837 faleom'
1690 1770 2290 1851 acutam.”—Quod
2328 1768 2666 1851 significet

427 1863 751 1929 Divinum
811 1867 1053 1931 Verum
1094 1870 1422 1952 exquisite
1463 1868 1831 1951 explorans
1889 1878 1955 1931 et
2011 1878 2359 1949 separans,
2395 1875 2666 1929 constat

428 1980 519 2023 ex
555 1961 1051 2041 significatione
1087 1963 1389 2039 “falci3,’'
1421 1965 1603 2047 quod
1644 1966 1735 2027 sit
1774 1963 2094 2026 Divinum
2132 1961 2389 2024 Verum
2425 1961 2663 2042 exqui-

427 2054 555 2118 site
594 2055 963 2136 explorans
1006 2068 1078 2121 et
1122 2077 1484 2138 separans3
1531 2059 1716 2140 quod
1757 2077 1876 2139 per
1917 2056 2213 2119 “falcem
2231 2056 2260 2079 ’'
2300 2056 2364 2117 id
2411 2053 2664 2135 signifi—

427 2158 639 2223 cetur,
672 2160 779 2213 est
810 2152 966 2232 quia
998 2171 1117 2232 per
1148 2153 1333 2216 illam
1372 2173 1587 2234 paene
1627 2151 1843 2215 simile
1879 2150 2296 2233 significatur
2328 2150 2509 2231 quod
2549 2169 2666 2230 per

428 2242 787 2323 “gladium
804 2242 835 2267 ”
870 2255 943 2308 et
985 2246 1531 2322 “machaeram,”
1568 2268 1742 2329 quae
1781 2246 1964 2329 quod
2000 2246 2067 2308 in
2099 2244 2426 2326 spirituali
2463 2264 2665 2306 sensu

423 2337 513 2401 sit
552 2336 871 2402 Divinum
912 2339 1169 2405 Verum
1208 2362 1521 2425 pugnans
1568 2350 1807 2405 contra
1853 2341 2117 2414 falsum,
2152 2350 2220 2403 et
2269 2341 2665 2420 dispergens

422 2428 615 2505 illud,
648 2431 967 2495 videatur
996 2453 1201 2516 supra
1233 2446 1479 2513 (n.[1173‚
1512 2450 1649 2513 131,
1680 2434 1868 2513 367);
1914 2433 2020 2496 hic
2053 2434 2286 2514 itaque
2326 2432 2481 2495 loco
2511 2432 2663 2513 gla-

423 2528 515 2591 dii
559 2539 630 2592 et
677 2530 1076 2595 machaerae
1124 2532 1367 2596 dicitur
1408 2532 1667 2604 “falx,”
1707 2534 1862 2615 quia
1907 2533 2132 2612 agitur
2170 2532 2254 2593 de
2295 2550 2537 2604 messe,
2579 2530 2664 2593 de

422 2641 557 2705 qua
585 2634 655 2686 et
694 2624 777 2687 de
816 2625 989 2690 falce
1021 2626 1213 2707 plura
1242 2628 1310 2689 in
1346 2627 1788 2709 sequentibus
1819 2627 2148 2689 dicentur.
2233 2623 2436 2705 Quod
2465 2623 2664 2688 “falx

422 2716 668 2779 acuta'’
714 2718 1035 2781 Divinum
1081 2719 1339 2783 Verum
1394 2722 1734 2801 exquisite
1795 2719 2168 2801 explorans
2223 2730 2293 2783 et
2341 2738 2664 2802 separans

421 2810 777 2891 significet,
806 2823 910 2876 est
948 2814 1102 2895 quia
1132 2834 1251 2895 per
1272 2820 1310 2847 “
1330 2833 1622 2877 messem
1639 2813 1669 2839 ”
1693 2812 2109 2895 significatur
2135 2814 2409 2875 ultimus
2443 2821 2664 2875 status

422 2905 751 2969 ecclesiae
798 2909 1213 2988 praecedens
1259 2908 1571 2972 ultimum
1610 2908 1954 2990 judicium,
2003 2909 2277 2989 quando
2330 2907 2664 2970 Dominus

420 3000 742 3083 explorat
768 3004 1283 3085 unumquemvis
1302 3014 1373 3067 et
1405 3014 1678 3084 separat
1706 3024 1722 3081 3
1762 3023 1895 3086 quo
1919 3000 2098 3065 fa6'to
2122 3003 2280 3065 boni
2313 3002 2665 3065 elevantur

420 3096 489 3158 in
529 3097 815 3171 caelum,
850 3107 922 3160 et
959 3098 1119 3162 mali
1162 3098 1612 3179 conjiciuntur
1641 3099 1710 3161 in
1755 3098 2104 3172 infernum,
2131 3096 2312 3179 quod
2352 3107 2456 3160 est
2503 3096 2661 3160 ulti-

420 3207 605 3251 mum
631 3188 973 3270 judicium.
1048 3184 1268 3272 ¹Quod
1300 3202 1461 3255 ante
1494 3190 1659 3254 illud
1694 3191 1851 3254 talis
1875 3190 2261 3272 exploratio
2292 3200 2362 3253 et
2387 3210 2661 3271 separa-

420 3284 518 3347 tio
550 3282 688 3359 fiat,
716 3295 787 3348 et
812 3305 1077 3366 quoque
1105 3286 1285 3367 quod
1320 3286 1519 3349 hodie
1544 3283 1724 3349 facta
1747 3287 1856 3359 sit,
1880 3284 2104 3367 aliqua
2127 3285 2214 3348 ab
2239 3285 2666 3365 experientia

418 3378 487 3441 in
531 3398 735 3459 opere
780 3378 884 3441 De
934 3379 1177 3443 Ultimo
1221 3380 1495 3454 Judicz’o
1544 3377 1729 3444 dieta
1771 3390 1952 3453 sunt,
1994 3390 2064 3441 et
2111 3398 2374 3461 quoque
2419 3397 2660 3458 supra;

421 3483 563 3536 tum
600 3472 791 3553 plura
816 3474 901 3536 de
934 3494 1017 3537 eo
1048 3475 1114 3536 in
1140 3474 1545 3556 Appendice
1578 3473 1668 3537 ad
1695 3473 1894 3537 finem
1928 3473 2118 3554 hujus
2152 3474 2300 3536 libri
2332 3474 2662 3537 dicentur.

421 3564 625 3647 Quod
662 3572 994 3631 “acutum
1012 3567 1041 3593 ’'
1072 3567 1407 3651 significet
1456 3579 1866 3638 accuratum.
1903 3568 2315 3649 exquisitum
2362 3576 2433 3631 et
2471 3586 2660 3647 pror-

418 3680 551 3738 sus,
579 3662 835 3743 absque
860 3662 1319 3743 explicatione
1353 3672 1569 3744 patet,
1598 3682 1755 3725 nam
1782 3662 1921 3725 falx
1949 3672 2172 3737 acuta,
2200 3663 2372 3724 sicut
2394 3660 2660 3743 gladius

420 3765 683 3831 acutus,
724 3757 1124 3839 exquisitius
1170 3758 1334 3837 agit,
1376 3766 1446 3819 et
1482 3756 1794 3820 subtilius
1841 3765 2175 3836 penetrat,
2227 3766 2300 3818 ut
2347 3764 2662 3819 constare

418 3860 651 3931 potest
688 3870 778 3913 ex
816 3851 1255 3933 sequentibus
1276 3850 1593 3931 3—Apud
1628 3849 1932 3925 Esaiam,

632 3992 877 4059 Jehovah
897 3994 926 4017 “
937 3992 1139 4056 posuit.
1160 4008 1246 4043 ,os
1272 4008 1465 4052 meum,
1491 3994 1629 4042 sicut
1652 3993 1894 4056 gladium
1920 4002 2135 4041 acutum
2151 3991 2180 4013 ”
2204 3992 2346 4055 (xlix.
2369 3993 2446 4054 2):

417 4155 539 4218 per
587 4140 723 4198 “os
782 4134 1207 4215 prophetae”
1258 4136 1467 4199 etiam
1528 4134 1943 4217 significatur
2007 4135 2326 4198 Divinum
2376 4134 2658 4211 Verum,

420 4250 625 4312 quare
658 4239 1090 4309 comparatur
1120 4228 1353 4310 gladio
1384 4239 1609 4303 acute,
1638 4230 1793 4311 quia
1827 4228 2228 4311 intelligitur
2253 4229 2417 4292 illud
2451 4248 2659 4310 pene-

418 4334 629 4399 tranS,
678 4344 952 4405 prorsus
1002 4324 1401 4405 dispergens
1454 4334 1523 4387 et
1578 4324 1937 4386 destruens
1983 4323 2244 4387 falsum.
2334 4322 2661 4387 Similiter

417 4418 483 4481 in
520 4417 957 4499 Apocalypsi,

514 4550 641 4600 “Ex
668 4564 763 4599 ore
778 4548 809 4571 '⁹
834 4548 953 4599 Filii
980 4548 1217 4600 hominis
1248 4550 1585 4613 “romphaea
1616 4564 1815 4612 anceps
1851 4558 2006 4599 acuta
2031 4549 2238 4601 exivit”
2262 4550 2313 4611 (i.
2344 4549 2430 4615 16;
2469 4564 2582 4613 σοι).
2607 4550 2660 4601 ll.

681 4628 773 4677 123
807 4630 921 4679 cap.
944 4616 1051 4667 xix.
1083 4626 1157 4677 15,
1184 4611 1337 4679 Μαι).
