3259 5384
690 635 862 685 2010
1313 634 1817 687 APOCALYPSIS
1864 595 2318 688 Expch‘rA.

688 827 955 888 quoque
1009 806 1297 871 mundos
1350 806 1735 889 spirituales
1792 827 1995 890 supra
2053 807 2205 873 illos
2266 809 2615 885 creaverit,
2673 819 2745 873 et
2804 809 2931 875 hos

689 910 1021 982 perpetuo
1056 901 1338 984 impleat
1375 903 1641 985 angelis
1676 913 1750 967 et
1794 903 2159 984 spiritibus,
2199 903 2287 966 ad
2336 923 2687 968 numerum
2728 907 2928 986 myri-

687 995 892 1058 adum
921 1005 995 1060 et
1027 997 1444 1076 myriadum:
1491 1007 1565 1061 et
1595 998 1779 1079 quod
1811 997 1936 1060 sub
1972 996 2103 1060 illis
2136 997 2472 1062 abdiderit
2510 998 2792 1075 inferna,
2828 1009 2931 1063 tot

688 1108 956 1173 quoque
995 1109 1276 1154 numero
1313 1101 1480 1173 quot
1526 1091 1698 1154 caeli
1746 1101 1943 1156 sunt:
2002 1101 2073 1155 et
2112 1093 2291 1175 quod
2331 1092 2641 1155 omnibus
2678 1103 2751 1156 et
2798 1095 2931 1156 sin-

687 1183 863 1264 gulis
899 1185 1010 1266 qui
1049 1186 1116 1250 in
1155 1186 1422 1249 mundis
1461 1185 1785 1261 Naturae,
1824 1196 1897 1250 et
1944 1187 2011 1250 in
2050 1187 2317 1249 mundis
2354 1205 2555 1270 supra
2602 1185 2929 1253 Naturam

688 1287 868 1352 sunt,
897 1278 1082 1341 solus
1114 1279 1234 1342 det
1266 1280 1478 1342 vitam
1508 1301 1523 1357 ;
1570 1289 1653 1342 et
1675 1281 1830 1362 quia
1865 1280 2050 1343 solus
2087 1279 2207 1344 dat
2239 1282 2471 1356 vitam,
2499 1281 2680 1364 quod
2714 1280 2932 1344 nullus

685 1371 992 1452 angelus,
1033 1375 1306 1454 spiritus
1342 1383 1412 1437 et
1451 1374 1661 1438 homo
1694 1392 1966 1437 movere
2004 1374 2220 1456 possit
2260 1393 2535 1438 manum
2574 1384 2646 1439 et
2686 1375 2931 1456 pedem

689 1466 815 1529 nisi
844 1467 934 1532 ab
965 1467 1142 1549 Ipso.
1247 1467 1482 1549 Qualis
1513 1467 1776 1531 infinita
1810 1468 2107 1532 Domino
2132 1469 2443 1549 potentia
2467 1469 2577 1544 sit,
2605 1469 2930 1550 imprimis

687 1569 880 1642 patet
912 1581 1001 1624 ex
1033 1581 1140 1634 e0,
1173 1562 1358 1643 quod
1389 1581 1627 1624 omnes
1659 1563 1772 1644 qui
1808 1583 1898 1624 ex
1938 1571 2046 1629 tot
2084 1563 2281 1626 terris
2318 1563 2385 1625 in
2418 1564 2709 1626 mundos
2739 1563 2929 1644 spiri-

687 1653 908 1718 tuales
952 1658 1254 1731 veniunt,
1293 1657 1405 1739 qui
1449 1667 1606 1721 sunt
1652 1657 1913 1739 aliquot
1960 1657 2298 1737 myriades
2349 1678 2440 1720 ex
2496 1657 2643 1720 sola
2698 1668 2934 1722 nostra

685 1749 930 1814 tellure
963 1751 1198 1832 quavis
1235 1751 1639 1831 septimana,
1674 1761 1744 1815 et
1784 1761 2284 1833 consequenter
2321 1759 2429 1814 tot
2467 1751 2806 1831 myriades
2843 1772 2932 1815 ex

685 1853 795 1908 tot
849 1843 1140 1908 millenis
1181 1843 1548 1908 telluribus
1599 1845 1669 1907 in
1724 1846 2058 1916 univers0,
2108 1843 2293 1908 solus
2337 1845 2639 1925 recipiat,
2690 1854 2761 1908 et
2818 1865 2935 1927 per

687 1937 898 2002 millia
930 1939 1215 2002 Divinae
1249 1937 1637 2020 Sapientiae
1668 1957 1916 2002 arcana
1947 1938 2175 2014 ducat,
2212 1959 2549 2021 quemque
2582 1940 2668 2004 ad
2708 1939 2931 2004 locum

686 2053 847 2097 suae
879 2035 1101 2111 vitae3
1149 2033 1384 2098 fideles
1414 2033 1501 2100 ad
1539 2053 1661 2096 sua
1699 2034 1849 2097 loca
1880 2035 1947 2098 in
1980 2033 2209 2118 caeliS,
2245 2054 2323 2096 ac
2358 2031 2663 2097 infideles
2694 2034 2783 2099 ad
2814 2055 2934 2097 sua

685 2127 838 2191 loca
881 2130 950 2190 in
997 2129 1305 2192 infernis:
1347 2137 1426 2192 et
1464 2128 1791 2192 utrobivis
1835 2129 2137 2191 omnium
2184 2128 2661 2208 cogitationes,
2702 2129 2927 2193 inten-

685 2224 932 2297 tioneS,
967 2233 1040 2287 et
1075 2223 1470 2290 voluntates
1507 2223 1941 2304 singulariter
1974 2223 2149 2284 sicut
2187 2222 2653 2285 universaliter
2691 2233 2887 2304 regat
2914 2245 2931 2301 ;

687 2337 766 2380 ac
800 2317 1000 2381 faciat
1034 2327 1107 2382 ut
1139 2337 1380 2382 omnes
1416 2327 1487 2380 et
1525 2315 1773 2398 singuli
1810 2317 1877 2379 in
1917 2316 2121 2380 caelis
2154 2336 2279 2378 sua
2315 2315 2637 2379 felicitate
2670 2317 2929 2397 gaude·

685 2421 848 2488 ant3
895 2431 974 2474 ac
1006 2420 1082 2475 ut
1114 2431 1362 2475 omnes⁵
1383 2421 1456 2475 et
1487 2410 1736 2492 singuli
1772 2411 1839 2474 in
1876 2410 2151 2474 infernis
2187 2411 2253 2472 in
2288 2411 2425 2472 suis
2457 2409 2739 2474 vinculis
2772 2413 2931 2486 sint,

686 2526 894 2588 usque
927 2505 1100 2569 adeo
1133 2515 1206 2569 ut
1239 2525 1326 2568 ne
1349 2503 1621 2587 quidem
1648 2523 1817 2567 unus
1847 2525 1937 2566 ex
1972 2503 2105 2566 illis
2129 2503 2349 2568 hiscat
2377 2502 2601 2566 levare
2628 2523 2931 2582 manum,

688 2601 906 2662 minus
930 2609 1421 2681 exsurgeremt
1453 2600 1667 2662 alicui·
1684 2596 1933 2680 angelo
1957 2597 2282 2660 damnum
2314 2597 2594 2661 inferre:
2642 2609 2713 2662 et
2746 2600 2929 2682 quod

686 2713 926 2756 omnes
977 2696 1074 2757 ita
1124 2694 1194 2756 in
1247 2694 1502 2768 ordine,
1551 2701 1624 2758 et
1680 2693 1747 2755 in
1799 2691 2103 2767 vinculis»,
2152 2701 2538 2766 teneantur,
2586 2702 2931 2775 utcunque

687 2788 1223 2871 multiplicantur
1248 2788 1422 2880 caeli
1448 2796 1520 2851 et
1553 2786 1810 2850 inferna
1839 2786 1905 2850 in
1940 2797 2312 2849 aeternum.
2384 2785 2577 2850 Haec
2610 2797 2680 2851 et
2714 2786 2929 2868 plura,

687 2904 858 2967 quae
892 2895 1168 2964 propter
1199 2882 1466 2962 copiam
1497 2881 1873 2944 enumerari
1905 2899 2040 2943 non
2075 2889 2386 2961 possunt,
2424 2899 2561 2944 non
2594 2880 2737 2942 dari
2770 2901 2931 2962 pos·

685 2989 844 3044 sunt
900 2978 1022 3040 nisi
1075 2976 1334 3040 infinita
1393 2975 1692 3040 Domino
1744 2975 2056 3056 potentia
2108 2975 2215 3037 sit.
2329 2972 2531 3056 Quod
2594 2973 2930 3040 Dominus

685 3074 868 3137 solus
899 3082 1093 3153 regat
1127 3072 1374 3144 omnia,
1408 3071 1615 3134 docet
1650 3069 1806 3150 Ipse
1845 3068 2023 3150 apud
2058 3067 2502 3145 Matthaeum,

849 3217 878 3240 ‘⁴
895 3215 1038 3266 Data
1057 3223 1142 3264 est
1167 3213 1302 3264 Mihi
1325 3213 1506 3264 omnis
1529 3221 1771 3277 potestas
1796 3212 1850 3261 in
1875 3212 2027 3262 caelo
2050 3221 2105 3262 et
2128 3212 2183 3261 in
2210 3209 2397 3262 terra”
2418 3209 2624 3274 (xxviii.
2652 3193 2765 3274 18):

685 3322 756 3378 et
928 3409 1089 3476 Quod
1115 3409 1240 3473 lpse
1262 3409 1334 3460 sit
1357 3408 1468 3462 vita
1489 3407 1643 3473 (Joh.
1670 3422 1717 3458 v.
1744 3408 1808 3459 πό
1829 3421 1849 3466 ς,
1878 3421 1992 3471 cap.
2018 3407 2089 3458 xi.
2113 3417 2193 3468 25,
2220 3405 2314 3468 πός
2350 3420 2464 3470 cap.
2488 3407 2593 3456 xiv.
2618 3406 2686 3468 6).

813 3559 938 3644 (ἰί.)
1005 3557 1198 3638 Quod
1213 3557 1484 3641 infinita
1498 3555 1801 3637 potentia
1822 3556 1921 3620 sit
1941 3554 2224 3618 Domino
2240 3575 2325 3618 ex
2349 3553 2437 3619 Se
2449 3564 2579 3637 per
2602 3555 2930 3620 Divinum

683 3675 876 3718 suum
924 3653 1184 3726 Verum,
1221 3658 1326 3716 est
1357 3652 1513 3734 quia
1545 3649 1866 3738 Divinum
1900 3649 2157 3714 Verum
2188 3660 2296 3714 est
2335 3649 2653 3713 Divinum
2686 3671 2930 3733 proce-

683 3749 890 3832 dens3
939 3758 1010 3810 et
1041 3768 1132 3810 ex
1166 3746 1416 3810 Divino
1447 3745 1630 3828 quod
1668 3745 1977 3827 procedit
2008 3765 2098 3807 ex
2140 3743 2458 3818 Domino,
2494 3745 2723 3807 omnia
2753 3765 2927 3828 quae

683 3860 883 3922 supra
918 3842 1002 3904 de
1049 3839 1310 3904 infinita
1355 3841 1669 3922 potentia
1706 3839 1980 3902 Domini
2011 3837 2199 3902 ,dicta
2235 3848 2415 3914 sunt,
2455 3836 2644 3902 fiunt.
2736 3839 2927 3903 Divi-

684 3955 845 3998 num
878 3933 1136 3998 Verum
1172 3934 1238 3996 in
1277 3955 1350 3997 se
1387 3931 1772 4015 spectatum
1810 3943 1915 3996 est
1954 3932 2200 3996 Divina
2238 3931 2608 4014 Sapientia,
2642 3953 2819 4016 quae
2859 3953 2931 3997 se

683 4047 1218 4111 quaquaversum
1249 4029 1589 4102 extendit,
1617 4029 1790 4093 sicut
1822 4027 1944 4091 lux
1974 4038 2047 4090 et
2080 4027 2268 4093 calor
2298 4028 2367 4090 in
2400 4038 2638 4090 nostro
2669 4029 2930 4093 mundo

679 4143 722 4186 a
750 4123 934 4201 sole3
982 4134 1267 4204 apparet
1290 4123 1469 4194 enim
1503 4123 1835 4186 Dominus
1868 4123 1933 4186 in
1968 4123 2223 4184 mundo
2248 4121 2595 4202 spirituali,
2624 4122 2739 4184 ubi
2772 4133 2933 4188 sunt

681 4219 908 4300 angeli
953 4229 1026 4282 et
1068 4219 1364 4298 spiritus,
1414 4227 1488 4281 ut
1535 4215 1814 4292 Sol,.ex
1862 4217 2112 4280 Divino
2158 4215 2459 4293 Amore;
2508 4236 2715 4280 omne
2748 4217 2933 4300 quod

681 4313 990 4395 procedit
1017 4333 1108 4375 ex
1129 4311 1247 4374 illo
1267 4305 1426 4376 Sole
1443 4308 1783 4375 “lvocatur
1806 4311 2126 4374 Divinum
2144 4308 2442 4387 Verum-3
2476 4320 2548 4377 et
2568 4311 2751 4394 quod
2776 4331 2931 4393 pro-

679 4407 864 4472 cedit
915 4407 1046 4470 hoc
1101 4406 1411 4487 producit
1436 4427 1452 4484 ;
1515 4406 1699 4488 quod
1745 4405 2056 4487 procedit
2102 4404 2229 4468 hoc
2277 4423 2545 4486 quoque
2590 4415 2697 4468 est
2750 4406 2927 4488 Ipse,

679 4503 837 4584 quia
867 4523 955 4564 ex
991 4501 1150 4582 Ipso
1175 4521 1191 4578 ;
1240 4521 1445 4583 quare
1480 4499 1815 4562 Dominus
1839 4500 1907 4563 in
1934 4499 2141 4561 caelis
2165 4510 2271 4561 est
2300 4498 2618 4561 Divinum
2646 4497 2928 4564 Verum.

681 4595 783 4662 Ut
811 4607 1064 4662 ‚tamen
1107 4597 1360 4660 sciatur
1402 4595 1586 4678 quod
1641 4594 1940 4658 Domino
1985 4594 2073 4657 sit
2119 4590 2382 4656 infinita
2438 4594 2755 4675 potentia
2810 4613 2930 4678 per
