3259 5384
485 619 646 688 1912
1101 615 1604 668 APOCALYPSIS
1649 613 2100 666 EXPLICATA.

481 813 778 862 versum
816 788 1096 872 orbem,
1132 785 1503 886 projeetus
1540 802 1657 861 est
1711 787 1784 861 in
1836 802 2135 869 terram,
2171 798 2247 858 et
2292 782 2533 881 angeli
2570 783 2729 876 ejus

482 928 651 976 cum
691 902 812 976 illo
848 900 1158 1002 projefti
1193 919 1383 976 sunt.

593 1050 702 1100 10.
775 1027 871 1106 Et
929 1027 1174 1101 audivi
1229 1053 1489 1101 vocem
1538 1050 1891 1124 magnam
1946 1024 2314 1099 dicentem
2376 1025 2447 1097 in
2504 1023 2726 1107 caelo,

400 1186 405 1191 ·
480 1140 700 1215 Nunc
733 1139 928 1216 fasta
961 1157 1075 1215 est
1107 1140 1300 1214 salus
1337 1157 1414 1215 et
1458 1141 1789 1239 potentia
1824 1156 1901 1213 et
1935 1165 2249 1237 regnum
2288 1139 2433 1213 Dei
2472 1139 2726 1223 nostri,

477 1273 556 1330 et
602 1272 931 1353 potestas
967 1257 1238 1332 Christi
1279 1257 1538 1353 IpsiuS,
1575 1257 1747 1353 quia
1781 1254 2152 1354 projeetus
2188 1270 2305 1328 est
2348 1269 2721 1329 accusator

477 1370 781 1445 fratrum
832 1387 1271 1456 nostrorum,
1319 1395 1672 1445 accusans
1725 1369 1883 1443 illos
1932 1394 2182 1442 coram
2240 1369 2414 1442 Deo
2470 1384 2726 1442 nostro

475 1484 637 1558 dies
672 1483 748 1559 et
783 1483 1066 1559 nastes.

589 1634 614 1682 1
639 1634 698 1684 1.
772 1610 867 1683 Et
919 1609 1014 1684 illi
1068 1611 1402 1684 vicerunt
1448 1635 1621 1682 eum
1678 1634 1813 1706 per
1868 1609 2306 1706 sanguinem
2361 1608 2591 1705 Agni,
2645 1623 2723 1681 et

474 1749 606 1820 per
649 1726 957 1799 verbum
1003 1726 1402 1800 testimonii
1451 1725 1759 1809 illorum,
1796 1740 1874 1799 et
1918 1749 2068 1800 non
2118 1723 2533 1798 dilexerunt
2566 1723 2719 1798 ani-

475 1863 673 1912 mam
706 1865 916 1914 suam
955 1865 1189 1936 usque
1223 1840 1322 1914 ad
1357 1857 1696 1914 mortem.

583 1989 612 2038 1
631 1988 695 2038 2.
769 1965 1078 2060 Propter
1104 1964 1244 2038 hoc
1266 1964 1614 2062 gaudete.
1643 1964 1845 2048 caeli,
1880 1980 1961 2038 et
1995 1964 2067 2036 in
2105 1961 2240 2036 iuis
2268 1962 2723 2040 habitantes:

475 2105 617 2154 vae
653 2079 1146 2154 habitantibus
1169 2095 1440 2153 terram
1475 2095 1554 2152 et
1587 2104 1812 2161 mare,
1840 2079 2017 2174 quia
2050 2077 2429 2152 descendit
2462 2077 2718 2150 diabo-

475 2191 589 2266 lus
624 2192 718 2267 ad
753 2219 908 2277 VOS,
936 2192 1216 2266 habens
1253 2193 1430 2266 iram
1466 2217 1839 2290 magnam,
1866 2192 2104 2265 sciens
2132 2191 2335 2288 quod
2366 2192 2723 2289 exiguum

473 2323 771 2404 tempus
805 2307 1098 2382 habeat.

585 2454 695 2524 13.
767 2432 863 2505 Et
911 2457 1077 2506 cum
1125 2431 1309 2505 vidit
1363 2430 1586 2505 draco
1636 2431 1843 2528 quod
1886 2428 2259 2530 projeffitus
2312 2431 2385 2504 in
2433 2447 2723 2514 terram,

473 2562 904 2643 persecutus
938 2561 1052 2620 est
1085 2545 1470 2620 mulierem
1505 2571 1700 2643 quae
1735 2547 2027 2642 peperit
2062 2544 2311 2619 filium.

586 2693 695 2761 14.
769 2671 864 2744 Et
911 2671 1128 2746 datae
1177 2670 1464 2746 mulieri
1511 2672 1709 2744 duae
1744 2671 1907 2746 alae
1948 2670 2231 2767 aquilae
2268 2695 2607 2769 magnae,
2644 2686 2726 2744 ut

475 2784 758 2859 volaret
810 2786 882 2860 in
937 2787 1312 2862 desertum
1369 2787 1442 2859 in
1493 2785 1735 2860 locum
1788 2811 2023 2868 suum,
2079 2786 2201 2860 ubi
2254 2785 2573 2861 aleretur
2624 2787 2723 2862 ibi

472 2915 769 2996 tempus
803 2916 880 2974 et
919 2917 1258 2998 tempora
1291 2916 1368 2976 et
1409 2901 1789 2974 dimidium
1826 2901 2199 2998 temporiS,
2234 2926 2283 2976 a
2328 2900 2516 2976 facie
2566 2925 2719 2975 ser-

479 3014 746 3110 pentiS.

585 3140 696 3213 15.
767 3139 866 3212 Et
924 3139 1139 3237 ejecit
1195 3165 1504 3236 serpens
1565 3154 1737 3237 post
1794 3139 2179 3214 mulierem
2242 3165 2339 3213 ex
2392 3165 2524 3217 ore
2580 3165 2721 3213 suo

473 3277 742 3349 aquam
778 3270 1132 3351 tanquam
1168 3254 1469 3338 flumen,
1503 3269 1583 3330 ut
1629 3253 1819 3328 illam
1860 3279 1909 3328 a
1956 3255 2259 3328 flumine
2293 3255 2719 3351 absorptam

477 3366 767 3442 faceret.

587 3496 698 3565 16.
771 3491 867 3566 Et
907 3492 1182 3592 adjuvit
1226 3508 1422 3568 terra
1467 3491 1873 3574 mulierem,
1920 3509 1998 3566 et
2050 3493 2339 3589 aperuit
2392 3508 2589 3568 terra
2633 3520 2719 3568 os

475 3630 714 3692 suum,
755 3623 833 3682 et
877 3606 1264 3706 deglutivit
1315 3607 1593 3682 flumen
1644 3607 1846 3704 quod
1896 3607 2115 3706 ejecit
2163 3607 2391 3682 draco
2442 3633 2539 3682 ex
2590 3635 2723 3684 ore

475 3745 638 3794 suo.

585 3861 696 3934 17.
765 3844 863 3918 Et
917 3844 1140 3918 iratus
1187 3859 1300 3918 est
1351 3843 1576 3919 draco
1615 3862 1871 3920 contra
1920 3845 2325 3938 mulierem,
2374 3862 2452 3922 et
2492 3848 2723 3923 abivit

475 3957 718 4034 facere
767 3958 1041 4034 bellum
1092 3983 1259 4034 eum
1311 3958 1612 4058 reliquis
1666 3962 1967 4036 seminis
2020 3963 2203 4060 ejuS,
2258 3963 2717 4038 observanti-

473 4074 614 4147 bus
683 4073 1036 4148 mandata
1095 4073 1265 4159 Dei,
1326 4089 1404 4148 et
1470 4075 1915 4150 habentibus
1983 4077 2483 4152 testimonium
2538 4078 2717 4175 Jesu

478 4185 774 4262 Christi.

593 4313 679 4384 18
727 4329 1142 4399 [B.A.xii1.1].
1199 4311 1296 4386 Et
1328 4312 1497 4386 steti
1533 4337 1757 4409 supra
1788 4337 2091 4388 arenam
2128 4314 2367 4390 maris.
