3259 5384
1047 709 1208 759 CAP.
1243 709 1395 772 xn„
1429 709 1639 759 VERs.
1680 707 1892 758 1.—N.
1926 693 2176 778 7o6[b].
2568 706 2726 776 1917

493 897 714 954 mane,
765 888 869 942 est
915 879 1070 962 quia
1115 899 1236 961 per
1275 884 1684 961 “vesperam
1730 887 1803 942 et
1849 898 2047 942 mane
2068 877 2098 906 '²
2144 876 2561 960 significatur
2605 877 2727 941 ad·

490 983 742 1037 ventus
773 973 1086 1051 Domini;
1141 973 1248 1038 hie
1295 974 1568 1056 quando
1605 974 1895 1039 ecclesia
1928 970 2109 1055 apud
2152 973 2447 1055 Judaeos
2486 973 2725 1035 devas-

489 1073 642 1131 tata
697 1078 866 1144 erat,
922 1069 1161 1152 quibus
1217 1079 1380 1132 tunc
1437 1070 1790 1143 serenitaS,
1849 1069 2005 1150 quia
2064 1087 2201 1131 non
2255 1077 2725 1150 cognoverunt

492 1162 744 1243 Ipsum,
778 1183 858 1227 ac
895 1183 1126 1226 secure
1158 1165 1477 1227 vixerunt
1516 1165 1581 1227 in
1613 1164 1795 1227 salsis
1832 1185 1921 1227 ex
1961 1161 2163 1238 malo,
2210 1162 2341 1226 hoc
2380 1172 2485 1226 est
2523 1167 2729 1225 “ves-

489 1277 652 1338 pera
673 1256 728 1334 ;”
763 1268 838 1320 at
867 1277 1032 1321 vero
1061 1258 1338 1342 quando
1361 1268 1837 1340 cognoverunt
1873 1257 2125 1338 Ipsum,
2153 1266 2224 1321 et
2256 1266 2535 1340 propter
2558 1257 2729 1320 falsa

487 1372 580 1414 ex
617 1351 832 1426 maliS,
873 1352 940 1414 in
985 1352 1228 1434 quibus
1262 1353 1550 1428 fuerunt,
1590 1362 2013 1433 negaverunt
2053 1351 2303 1433 Ipsum,
2343 1361 2412 1414 et
2460 1352 2725 1433 impug-

489 1456 760 1520 narunt,
800 1445 1136 1527 significat
1179 1451 1217 1478 “
1240 1465 1439 1509 mane
1457 1445 1486 1470 ''
1518 1446 1793 1529 quando
1834 1450 2273 1526 “tempestas
2296 1444 2348 1506 :'’
2392 1445 2549 1507 inde
2595 1455 2722 1520 est,

487 1540 670 1620 quod
725 1539 1056 1603 Dominus
1108 1540 1378 1614 dixerit,
1439 1540 1941 1622 “Hypocritae,
1997 1539 2232 1602 faciem
2288 1539 2456 1602 caeli
2511 1539 2726 1602 nostis

487 1633 872 1714 dijudicare,
921 1636 1140 1716 signa·
1167 1645 1396 1698 autem
1443 1634 1887 1716 temporum,”
1934 1654 2177 1715 nempe
2222 1635 2559 1698 adventus
2614 1634 2725 1716 Ip-

487 1728 646 1800 sius,
685 1733 880 1791 “non
919 1731 1206 1810 potestis
1231 1728 1282 1804 ;'’
1319 1730 1494 1811 quia,
1528 1729 1774 1793 “natio
1811 1748 2019 1809 prava
2054 1739 2125 1791 et
2162 1728 2516 1791 adultera”
2554 1739 2721 1804 erat,

487 1839 737 1902 nempe·
765 1823 1158 1885 adulterans
1196 1821 1524 1898 Verbum,
1559 1823 1716 1886 ideo
1752 1823 1929 1885 dixit
1966 1822 2147 1904 quod
2190 1829 2382 1884 “non
2420 1821 2549 1885 illis
2586 1823 2723 1904 sig·

489 1935 652 1978 num
689 1916 1018 1983 datam-P
1106 1917 1208 1982 Ut
1245 1937 1511 2000 quoque
1549 1917 1727 1999 apud
1761 1916 2088 1992 Marcum,

589 2061 620 2083 ‘⁴
637 2059 908 2110 Pharisaei
930 2067 1221 2124 coeperunt
1243 2062 1516 2124 disputare
1540 2075 1661 2110 cum
1677 2059 1707 2081 ”
1721 2059 1867 2124 jesu,
1886 2062 2245 2124 “quaerentes
2268 2062 2337 2110 ab
2362 2059 2490 2124 Ipso
2510 2061 2725 2123 signum

750 2140 781 2175 e
821 2127 994 2176 caelo,
1014 2164 1026 2176 .
1047 2163 1060 2176 .
1088 2141 1100 2185 ;
1143 2127 1232 2190 qui
1261 2127 1541 2190 suspirans
1571 2127 1762 2189 spiritu
1798 2141 1899 2175 suo
1932 2126 2081 2184 dixit,
2112 2126 2253 2190 Quid
2287 2127 2567 2188 generatio
2594 2128 2725 2176 haec

749 2191 965 2254 signum
995 2193 1234 2254 quaerit?
1299 2193 1477 2242 Amen
1507 2193 1626 2242 dico
1659 2192 1828 2251 vobiS,
1858 2206 1969 2240 non
1998 2191 2213 2241 dabitur
2237 2192 2575 2254 generationi
2603 2192 2725 2241 huic

747 2257 964 2319 signum
983 2256 1011 2278 ’⁹
1035 2257 1164 2318 (viii.
1193 2269 1268 2316 11,
1298 2259 1404 2318 12):

487 2403 670 2484 quod
705 2403 1074 2485 “signum”
1105 2404 1212 2468 hic
1245 2403 1583 2486 significet
1617 2403 2197 2480 testificationem,
2224 2427 2313 2469 ex
2346 2425 2476 2488 qua
2511 2407 2723 2470 mani·

487 2496 658 2560 feste
689 2499 961 2574 scirent,
989 2510 1443 2580 agnoscerent
1475 2509 1546 2562 et
1579 2499 1935 2562 crederent
1966 2499 2147 2582 quod
2182 2500 2511 2563 Dominus
2542 2511 2723 2566 esset

489 2589 774 2654 Messias
797 2601 870 2654 et
903 2592 1112 2656 Filius
1139 2592 1286 2667 Dei,
1316 2613 1517 2674 quem
1549 2614 1638 2655 ex
1668 2591 2193 2674 predictionibus
2217 2594 2395 2675 apud
2419 2594 2723 2681 Prophe-

488 2694 598 2747 tas
621 2683 1106 2766 expec’tabant,
1135 2697 1452 2750 constare
1485 2697 1715 2768 potest
1748 2709 1837 2750 ex
1870 2708 1974 2762 e0,
2009 2687 2192 2770 quod
2228 2691 2626 2771 “suspirans
2658 2693 2723 2754 in

489 2781 727 2860 spiritu
772 2801 894 2842 suo
940 2780 1214 2856 dixerit,
1257 2779 1436 2862 Quid
1485 2781 1842 2862 generatio
1884 2780 2053 2844 haec
2102 2783 2369 2862 signum
2416 2785 2723 2865 quaerit?

490 2871 718 2936 Amen
767 2874 922 2937 dico
966 2875 1180 2951 vobiS,
1222 2895 1356 2938 non
1405 2875 1675 2938 dabitur
1720 2876 2142 2956 generationi
2187 2876 2340 2939 huic
2378 2877 2645 2958 signum
2672 2876 2725 2940 :”

489 2987 692 3030 causa
714 2968 856 3044 fuit,
885 2970 940 3031 si
971 2989 1060 3032 ex
1094 2969 1448 3032 caelo-hoc
1481 2969 1611 3030 illis
1644 2970 1999 3032 manifeste
2026 2969 2402 3033 revelatum
2434 2981 2550 3034 aut
2583 2971 2717 3034 dic·

488 3071 634 3124 tum
659 3062 915 3138 fuisset,
943 3073 1013 3126 et
1039 3064 1132 3126 sic
1158 3064 1456 3144 persuasi
1481 3064 1924 3144 agnovissent
1951 3073 2021 3126 et
2048 3063 2515 3140 credidissent,
2541 3065 2725 3148 quod

485 3177 696 3239 usque
721 3169 963 3238 postea
985 3155 1291 3239 rejecturi
1316 3168 1548 3221 essent
1573 3179 1588 3235 ;
1639 3168 1706 3220 et
1734 3157 2005 3238 rejicere
2030 3158 2098 3220 id
2124 3169 2279 3239 post
2305 3161 2725 3240 agnitionem

487 3261 558 3314 et
604 3251 806 3314 fidem
853 3260 958 3315 est
1003 3252 1376 3332 profanare,
1419 3263 1489 3315 et
1537 3251 2041 3333 profanatorum
2079 3273 2223 3315 sors
2268 3265 2375 3316 est
2421 3254 2720 3317 omnium

489 3348 782 3427 pessima
809 3347 876 3410 in
915 3347 1194 3411 inser-nc.
1281 3345 1490 3428 Quod
1525 3347 1679 3409 ideo
1718 3367 1853 3410 non
1886 3347 2016 3410 illis
2051 3347 2215 3410 data
2250 3348 2336 3410 sit
2370 3348 2726 3412 manifesta

487 3439 878 3504 testificatio
914 3460 952 3504 e
989 3439 1203 3517 caelo,
1243 3451 1518 3504 constat
1557 3462 1648 3504 ex
1688 3442 1791 3504 his
1827 3442 2006 3523 apud
2044 3441 2447 3518 Jolcannem,

585 3587 944 3639 “Occaecavit
967 3588 1152 3638 oculos
1181 3587 1410 3648 illorum,
1437 3597 1488 3638 et
1517 3589 1799 3638 obduravit
1822 3590 1987 3638 corda
2010 3589 2240 3649 illorum,
2267 3605 2335 3638 ne
2359 3589 2577 3640 videant
2604 3605 2728 3642 ocu-

745 3654 828 3714 lis,
852 3665 908 3704 et
930 3655 1234 3717 intelligant
1255 3656 1432 3714 corde,
1455 3665 1510 3704 et
1533 3669 1592 3704 se
1617 3665 1935 3705 convertant
1960 3664 2012 3704 et
2036 3669 2224 3704 sanem
2249 3655 2373 3705 illos
2390 3655 2419 3676 ”
2438 3655 2546 3718 (xii.
2571 3658 2685 3719 40):

489 3811 620 3868 “se
658 3815 1054 3868 convertere
1091 3813 1163 3868 et
1207 3807 1427 3868 sanari
1449 3804 1477 3829 '⁹
1513 3806 1621 3870 hic
1662 3817 1767 3869 est
1806 3805 2179 3888 profanare,
2222 3806 2400 3887 quod
2449 3805 2523 3870 fit
2570 3826 2722 3870 cum

483 3910 946 3982 agnoscuntur
1001 3920 1164 3963 vera
1214 3911 1283 3964 et
1352 3901 1551 3974 bona,
1610 3911 1680 3964 et
1739 3903 2063 3982 imprimis
2118 3921 2270 3964 cum
2329 3902 2724 3982 agnoscitur

485 3995 838 4071 Dominus,
873 4004 944 4059 et
982 3995 1136 4058 dein
1172 4005 1501 4076 negatur3
1549 3997 1645 4060 ita
1676 3996 1909 4059 fuisset
1948 3997 2001 4058 si
2038 3995 2273 4078 Judaei
2307 4016 2425 4078 per
2455 3997 2723 4077 signum

483 4111 558 4152 se
589 4091 1050 4152 converterint
1088 4100 1158 4153 et
1197 4092 1416 4154 sanati
1453 4090 1740 4154 fuerint:
1795 4091 2081 4154 “videre
2112 4090 2325 4153 oculis
2358 4099 2428 4153 et
2466 4088 2722 4153 intelli-

482 4204 645 4265 gere
684 4183 938 4246 corde''
975 4182 1310 4266 significat
1349 4187 1645 4267 recipere
1684 4183 2037 4249 intellectu
2075 4196 2143 4248 et
2186 4185 2565 4260 voluntate,
2606 4205 2725 4247 seu

483 4277 618 4340 fide
656 4285 728 4341 et
759 4297 989 4340 amore
1015 4297 1032 4339 t
1081 4299 1169 4340 ex
1202 4277 1308 4340 his
1328 4284 1523 4358 patet
1542 4278 1725 4359 quod
1749 4279 2073 4360 “signum
2090 4277 2120 4302 ’'
2142 4276 2477 4359 significet
2508 4279 2724 4340 mani·

483 4368 734 4432 festam
786 4369 1372 4433 testificationem.
1467 4385 1566 4442 (De
1599 4393 1731 4431 sorte
1758 4387 2121 4444 profanatorum
2156 4387 2375 4431 videatur
2404 4385 2455 4430 in
2490 4385 2727 4432 Dodn‘na

481 4465 650 4510 Novae
677 4463 1047 4524 Hierosobvnae.
1069 4479 1116 4511 ιι.
1143 4465 1269 4526 172.)
1353 4449 1565 4532 Apud
1603 4449 2011 4525 Johannem,

585 4589 901 4656 ¹¹1Discipuli
925 4593 1175 4643 dixerunt
1198 4595 1264 4643 ad
1288 4593 1492 4658 Jesum,
1509 4595 1538 4618 ‘⁴
1554 4593 1839 4658 Quodnam
1866 4593 1997 4643 facis
2014 4593 2096 4643 Tu
2118 4593 2349 4656 signum,
2368 4602 2427 4643 ut
2445 4592 2723 4644 videamus

744 4669 800 4708 et
831 4660 1112 4709 credamus
1139 4660 1298 4710 Tibi?
1363 4659 1504 4725 Quid
1538 4661 1821 4723 operaris?
1888 4658 2075 4712 Patres
2112 4661 2281 4710 nostri
2318 4673 2519 4709 manna
2546 4673 2724 4708 corne·
