3259 5384
827 703 988 756 cAP.
1025 705 1209 769 xm„
1243 705 1450 758 VERs.
1493 707 1750 758 12.—N.
1785 692 2035 778 821[b].
2378 709 2546 775 2309

327 891 452 936 non
487 873 683 936 datur
720 871 887 936 fides
923 893 1094 956 quae
1139 872 1308 939 fides
1351 875 1607 959 absque
1654 873 2013 950 charitate,
2056 885 2125 940 et
2166 895 2303 938 non
2342 876 2545 939 datur

327 965 605 1030 charitas
667 987 842 1050 quae
901 969 1200 1033 charitas
1259 970 1514 1052 absque
1574 971 1909 1052 operibus.
2012 968 2187 1051 Quia
2248 970 2344 1033 illi
2403 980 2543 1033 tres

323 1062 606 1142 apostoli
653 1061 1203 1143 significaverunt
1249 1063 1388 1137 illa,
1426 1064 1580 1127 ideo
1625 1083 1787 1146 prae
1832 1065 2077 1128 ceteris
2123 1065 2339 1127 secuti
2384 1074 2543 1126 sunt

329 1155 704 1232 Dominum,
746 1158 927 1239 quod
964 1158 1174 1221 et'iam
1221 1167 1540 1222 constare
1576 1168 1811 1242 potest
1849 1159 2028 1241 apud
2064 1159 2392 1236 Marcum,
2434 1159 2544 1223 ubi

325 1249 574 1324 dicitur,

411 1385 564 1452 Jesus
601 1389 630 1410 ‘⁸
648 1402 756 1436 non
794 1387 1034 1453 permisit
1068 1388 1313 1452 cuiquam
1350 1387 1499 1452 sequi
1535 1387 1738 1452 Ipsum,
1775 1389 1881 1438 nisi
1924 1387 2158 1448 Petrum,
2188 1387 2453 1453 'Jacobum
2488 1396 2543 1438 et

572 1451 879 1517 johannem
906 1453 1125 1503 fratrem
1149 1451 1337 1517 Jacobi
1352 1452 1381 1472 ”
1404 1455 1474 1515 (v.
1499 1449 1667 1515 1¹137):

325 1591 469 1656 ideo
513 1591 848 1656 Dominus
895 1592 1183 1673 primurn
1219 1592 1494 1656 vocavit
1541 1591 1815 1656 Petrum
1854 1611 1973 1674 per
2009 1591 2382 1665 Andream,
2424 1611 2542 1673 per

325 1704 510 1767 quem
555 1684 976 1766 significatur
1020 1685 1414 1750 obedientia
1458 1684 1635 1760 fidei,
1684 1695 1755 1750 et
1804 1696 2047 1768 postea
2089 1683 2421 1766 Jacobum
2467 1692 2540 1746 et

323 1778 718 1859 johannem,
758 1787 830 1842 et
867 1780 1188 1861 imposuit
1233 1780 1339 1842 his
1383 1779 1557 1842 binis
1601 1798 1854 1843 novum
1900 1799 2189 1843 nomen:
2239 1788 2383 1841 tum
2430 1797 2539 1840 as-

323 1875 596 1955 sumpsit
643 1873 938 1946 Petrum,
976 1870 1308 1953 Jacobum
1354 1882 1427 1936 et
1469 1872 1855 1954 Johannem
1900 1874 1967 1936 in
2016 1883 2344 1947 montem,
2385 1891 2538 1935 curn

324 1967 872 2030 transformatus:
919 1976 992 2030 et
1029 1987 1298 2050 quoque
1337 1966 1604 2031 locutus
1643 1987 1797 2031 cum
1828 1967 1961 2030 illis
1994 1968 2207 2030 tribus
2244 1967 2329 2030 de
2374 1985 2539 2030 con-

325 2061 765 2124 summatione
809 2059 1083 2134 saeculi,
1131 2070 1205 2124 et
1251 2062 1337 2125 de
1382 2061 1690 2126 adventu
1734 2081 1894 2124 suo:
1958 2070 2030 2124 et
2075 2081 2340 2144 quoque
2386 2079 2538 2123 cum

325 2153 608 2218 Domino
641 2154 908 2218 fuerunt
935 2155 1003 2220 in
1037 2153 1522 2222 Gethsemane.
1599 2154 1804 2237 Quod
1836 2155 2169 2219 Dominus
2195 2157 2541 2220 vocaverit

320 2245 638 2328 Jacobum
670 2258 743 2313 et
777 2247 1189 2329 johannem,
1230 2260 1597 2334 postquam
1632 2259 2001 2314 vocaverat
2037 2250 2334 2325 Petrum,
2374 2270 2539 2314 con-

326 2352 453 2406 stat
481 2344 663 2426 apud
700 2341 1206 2424 Evangelistas,

409 2475 566 2541 Jesus
594 2479 956 2540 “progressus
980 2477 1120 2536 inde,
1145 2477 1289 2527 videt
1311 2477 1450 2526 alios
1473 2477 1610 2527 duos
1633 2477 1841 2537 fratres,
1898 2480 2124 2528 acobum
2150 2479 2239 2542 qui
2264 2477 2539 2538 Zebedaei,

569 2553 624 2592 et
651 2542 954 2606 johannem
992 2543 1210 2592 fratrem
1245 2543 1378 2606 ejus,
1411 2540 1492 2607 [iu
1519 2539 1671 2607 navi]
1705 2557 1825 2593 curn
1896 2544 2130 2592 ebedaeo
2159 2554 2309 2606 patre
2337 2559 2539 2603 eorum.

570 2619 882 2670 reparantes
895 2609 1030 2657 retia
1043 2623 1141 2657 sua
1161 2623 1172 2666 ;
1197 2618 1251 2657 et
1265 2609 1477 2657 vocavit
1493 2623 1588 2658 eos
1605 2625 1617 2658 ε
1645 2618 1699 2658 et
1713 2609 1767 2657 hi
1782 2609 1962 2658 statim
1979 2609 2341 2673 relinquentes
2356 2611 2539 2659 navim

567 2682 621 2722 et
636 2683 848 2804 fatrem
873 2689 1028 2723 suum
1054 2674 1223 2724 secuti
1244 2683 1371 2724 sunt
1397 2673 1580 2738 Ipsum
1595 2673 1624 2694 ”
1649 2673 1864 2737 (March.
1889 2675 1957 2724 iv.
1982 2685 2061 2734 21,
2082 2685 2143 2722 22
2163 2688 2175 2735 ;
2215 2675 2382 2724 Marc.
2406 2675 2439 2725 i.
2463 2687 2539 2738 19,

567 2751 634 2789 20
665 2777 677 2790 .

325 2875 508 2960 Quod
531 2881 867 2944 Dominus
884 2880 1145 2962 Jacobo
1163 2889 1234 2944 et
1251 2879 1547 2962 Johanni
1565 2879 1964 2962 imposuerit
1988 2899 2238 2944 novum
2262 2899 2537 2958 nomen,

323 2986 581 3039 constat
621 2975 803 3058 apud
833 2975 1161 3050 Marcum,

407 3107 558 3174 Jesus
577 3111 794 3158 vocavit
814 3108 1112 3172 “Jacobum
1137 3109 1304 3157 filium
1329 3107 1608 3165 Zebedaei,
1632 3117 1687 3157 et
1704 3107 2007 3171 johannem
2026 3107 2245 3157 fratrem
2303 3109 2471 3166 ambi,
2486 3117 2540 3158 et

563 3175 828 3237 imposuit
850 3174 954 3224 illis
978 3189 1178 3224 nomen
1205 3173 1529 3237 Boanerges,
1548 3173 1690 3238 quod
1714 3184 1811 3234 est,
1838 3172 1954 3222 Filii
1978 3174 2199 3223 tonitrui
2214 3172 2243 3193 ”
2288 3174 2358 3224 iii.
2381 3174 2493 3235 17):

321 3331 430 3394 per
473 3312 708 3377 “filios
753 3314 1035 3377 tonitrui
1051 3310 1082 3338 '’
1126 3310 1592 3394 significantur
1637 3331 1800 3375 vera
1844 3331 1933 3374 ex
1979 3311 2162 3374 bono
2214 3309 2535 3389 caelesti;

322 3409 485 3490 quod
530 3409 650 3472 illa
695 3429 816 3491 per
855 3405 1277 3480 “tonitrua‚”
1314 3406 1380 3468 in
1419 3405 1656 3469 Verbo
1701 3405 2185 3487 significentur,
2226 3414 2334 3468 est
2380 3407 2537 3488 quia

322 3501 381 3564 in
408 3504 656 3566 mundo
682 3500 1010 3584 spirituali
1042 3503 1250 3565 etiam
1283 3499 1646 3563 audiuntur
1670 3501 1991 3573 tonitrua,
2021 3519 2193 3582 quae
2225 3501 2535 3563 existunt

325 3617 404 3660 ex
437 3599 610 3661 veris
650 3617 823 3681 quae
857 3618 946 3660 ex
993 3598 1176 3660 bono
1223 3596 1504 3659 caelesti
1549 3603 1729 3668 sunt,
1772 3593 1929 3656 dum
1976 3592 2145 3655 haec
2193 3612 2284 3655 ex
2330 3591 2537 3655 caelis

323 3692 758 3772 superioribus
797 3691 1207 3754 delabuntur
1237 3689 1304 3751 in
1337 3687 1688 3766 inferiora;
1736 3689 1881 3768 ipsa
1913 3685 2031 3750 lux
2055 3688 2195 3749 veri
2232 3707 2321 3749 ex
2353 3686 2538 3749 bono

324 3797 588 3866 apparet
617 3797 782 3849 tunc
809 3787 985 3848 sicut
1009 3784 1248 3864 fulgur,
1271 3784 1488 3865 ipsum
1513 3782 1766 3845 bonum
1792 3782 1968 3844 sicut
1992 3781 2269 3852 tonitru,
2297 3789 2367 3842 et
2394 3781 2538 3861 ipsa

325 3896 470 3942 vera
506 3880 662 3943 inde
712 3880 886 3942 sicut
923 3879 1335 3942 variationes
1383 3877 1572 3954 soni;
1621 3875 1779 3938 inde
1817 3884 1923 3939 est
1969 3874 2150 3956 quod
2198 3875 2263 3936 in
2302 3873 2537 3936 Verbo

325 3975 557 4050 passim
591 3975 906 4036 dicantur
933 3978 972 4005 ‘⁸
993 3969 1315 4052 fulgura,'’
1343 3975 1382 4003 ‘⁴
1401 3970 1704 4033 tonitrua
1720 3967 1751 3992 ”
1776 3978 1847 4032 et
1877 3975 1917 4000 ⁴·
1936 3968 2189 4031 voces”
2214 3986 2333 4048 per
2362 3987 2535 4049 quae

324 4064 430 4128 illa
479 4065 982 4150 significantur:
1052 4085 1258 4129 causa
1302 4064 1482 4147 quod
1529 4064 1782 4126 bonum
1842 4062 1931 4126 ibi
1992 4061 2302 4124 audiatur
2359 4063 2534 4124 sicut

327 4161 590 4234 tonitru,
641 4171 749 4225 est
793 4162 949 4244 quia
1007 4160 1260 4223 bonum
1306 4159 1487 4241 quod
1540 4167 1649 4220 est
1695 4152 2067 4219 affectionis
2124 4176 2242 4218 seu
2286 4155 2535 4218 amoris

327 4249 622 4329 hominis,
674 4266 819 4319 tum
866 4254 1046 4336 quod
1099 4262 1208 4316 est
1252 4251 1627 4315 voluntatis
1682 4249 1841 4331 eju3‚
1892 4268 2028 4312 non
2075 4247 2368 4332 loquitur
2413 4249 2532 4312 sed

327 4349 517 4411 modo
553 4359 799 4428 sonat;
847 4357 918 4412 at
955 4365 1189 4412 verum
1226 4346 1405 4429 quod
1453 4354 1561 4409 est
1603 4340 1995 4408 intellectus
2040 4353 2111 4406 et
2148 4343 2307 4406 inde
2343 4343 2532 4426 cogi-

325 4443 586 4506 tationis
633 4443 927 4507 hominis
973 4439 1293 4506 articulat
1339 4457 1582 4503 sonum
1627 4437 1817 4501 illum
1864 4439 1930 4500 in
1966 4457 2212 4500 voces:
2276 4437 2529 4500 bonum

325 4535 605 4602 caeleste
637 4547 744 4602 est
771 4535 950 4600 idem
974 4555 1128 4600 cum
1159 4535 1341 4598 bono
1372 4533 1621 4597 amoris
1646 4532 1713 4595 in
1737 4531 2097 4595 voluntate
2128 4539 2201 4594 et
2233 4531 2301 4594 in
2335 4528 2529 4609 aftu3

327 4628 490 4709 prius
533 4653 672 4696 non
717 4640 825 4696 est
869 4631 1122 4696 bonum
1168 4628 1508 4708 caeleste3
1553 4634 1626 4692 et
1670 4625 1803 4690 hoc
1850 4634 1956 4690 est
1994 4625 2173 4708 quod
2210 4624 2525 4707 producit
