3259 5384
553 647 712 730 1918
1165 661 1667 714 APOCALYPSIS
1712 661 2167 714 ExPucATA.

805 833 1000 884 derunt
1027 833 1080 882 in
1110 833 1340 893 deserto,
1364 834 1500 884 sicut
1525 833 1781 896 scriptum
1810 843 1909 894 est,
1937 831 2139 882 Panem
2168 847 2201 881 e
2227 831 2377 881 caelo
2403 831 2550 881 dedit
2580 831 2685 882 illis
2712 831 2777 880 ad

804 900 1087 949 edendum.
1159 899 1308 948 Dixit
1341 900 1446 949 illis
1481 899 1656 963 Jesus,
1685 899 1879 958 Amen,
1906 913 2065 948 amen
2100 899 2221 946 dico
2251 898 2418 956 vobis,
2448 912 2557 946 non
2596 896 2781 946 Moses

804 966 952 1014 dedit
990 963 1147 1014 vobis
1182 979 1376 1027 panem
1417 979 1448 1014 e
1487 965 1653 1023 caelo,
1682 965 1779 1014 sed
1822 964 1981 1014 Pater
2020 978 2171 1013 meus
2206 965 2299 1012 dat
2332 964 2485 1012 vobis
2519 977 2714 1025 panem
2750 977 2781 1011 e

811 1030 962 1079 caelo
979 1044 1198 1080 verum:
1229 1031 1382 1092 panis
1399 1044 1630 1094 namque
1653 1029 1756 1079 Dei
1774 1039 1858 1080 est
1875 1030 1965 1094 qui
1988 1029 2265 1079 descendit
2287 1029 2355 1078 de
2368 1029 2519 1078 caelo
2538 1039 2593 1078 et
2616 1030 2780 1078 vitam

806 1095 899 1144 dat
919 1093 1165 1144 mundo”
1187 1095 1275 1156 (vi.
1302 1095 1514 1157 30-33):

545 1233 657 1298 hic
695 1254 964 1316 quoque
1001 1230 1364 1315 [¹¹discipuli
1399 1232 1759 1298 voluerunt
1796 1234 2104 1316 signum3
2154 1233 2335 1316 quod
2375 1253 2495 1315 per
2537 1233 2603 1296 id
2641 1235 2779 1314 sig·

544 1327 853 1392 nificetur
907 1326 1298 1392 testificatio
1362 1337 1438 1392 ut
1503 1327 1809 1402 credant,
1866 1337 2161 1402 constat,
2219 1347 2375 1390 nam
2434 1328 2777 1402 dixerunt,

549 1421 707 1487 “Ut
753 1423 1104 1485 videamus
1155 1432 1228 1485 et
1273 1421 1648 1496 credamuS,
1696 1422 1854 1505 quid
1902 1423 2197 1502 operaris
2218 1421 2278 1484 ?”
2364 1419 2567 1503 Quod
2617 1433 2777 1484 tunc

544 1517 842 1580 dixerint
895 1516 982 1578 de
1039 1515 1408 1590 “manna,”
1461 1526 1534 1579 et
1586 1515 1770 1598 quod
1825 1515 2157 1578 Dominus
2216 1515 2640 1596 responderit
2694 1516 2779 1577 de

547 1616 586 1642 ·‘
609 1629 782 1691 pane
828 1631 866 1674 e
911 1608 1161 1684 cae10,’'
1198 1618 1346 1673 erat
1383 1609 1538 1690 quia
1583 1630 1702 1691 per
1742 1615 2047 1690 “panem
2064 1609 2094 1634 '’
2125 1609 2540 1691 significatur
2576 1629 2777 1672 omne

542 1701 797 1764 bonum
829 1711 898 1765 et
937 1721 1171 1765 verum
1200 1703 1384 1785 quod
1424 1703 1636 1766 nutrit
1668 1704 1983 1778 animam,
2018 1713 2089 1766 et
2128 1704 2193 1766 in
2226 1721 2541 1784 supremo
2578 1723 2778 1766 sensu

545 1795 701 1876 Ipse
749 1796 1102 1872 Dominus,
1143 1817 1185 1859 a
1227 1816 1362 1879 quo
1399 1817 1600 1860 omne
1639 1794 1989 1860 doc‘trinae
2034 1808 2106 1861 et
2152 1816 2354 1860 omne
2393 1797 2779 1860 nutritionis

544 1889 929 1971 spiritualiS,
970 1909 1089 1971 per
1124 1891 1306 1973 quod
1345 1890 1748 1956 testificatus
1786 1901 1891 1954 est
1928 1901 2003 1954 ut
2040 1890 2318 1954 videant
2360 1901 2431 1954 et
2474 1891 2776 1954 credant.

543 1981 744 2064 Quod
785 2003 994 2066 usque
1032 1983 1196 2047 data
1241 1986 1328 2047 sit
1367 1983 1780 2060 testificatio,
1820 2004 1993 2067 quae
2039 1994 2143 2047 est
2181 1985 2450 2066 signum
2486 2004 2523 2047 e
2561 1983 2774 2056 cae10,

536 2076 756 2139 >tribus
813 2076 1176 2158 discipuliS,
1241 2077 1461 2152 Petro,
1520 2077 1781 2160 Jacobo
1839 2088 1910 2141 et
1969 2077 2283 2159 johanni,
2344 2088 2618 2142 constat
2685 2099 2775 2141 ex

539 2169 1134 2234 transformatione
1163 2171 1457 2248 Domini,
1487 2181 1649 2236 tunc
1676 2173 1857 2234 enim
1882 2172 2195 2236 viderunt
2221 2171 2507 2254 gloriam
2534 2171 2774 2253 Ipsius,

541 2274 613 2327 et
658 2284 926 2347 quoque
971 2266 1372 2330 audiverunt
1415 2285 1656 2329 vocem
1702 2286 1739 2328 e
1785 2264 1977 2328 caelo
2021 2266 2386 2340 dicentem,
2434 2265 2626 2328 “Hic
2673 2277 2779 2330 est

543 2357 752 2420 Filius
788 2378 977 2420 meus
1015 2356 1325 2443 dileetus,
1368 2359 1599 2440 Ipsum
1636 2359 1911 2422 audite”
1954 2358 2197 2441 (Marc.
2236 2360 2328 2422 ix.
2366 2375 2446 2442 73
2492 2359 2645 2422 Luc.
2685 2361 2777 2422 ix.

542 2464 618 2533 35
651 2472 667 2530 ;
711 2451 962 2515 ΜαίίΙι.
1000 2449 1214 2515 mxvii.
1259 2450 1350 2534 5).
1447 2451 1656 2534 Apud
1694 2452 2008 2530 eundem,

639 2592 776 2644 Cum
812 2591 970 2658 Jesus
1004 2609 1037 2643 e
1071 2594 1274 2657 templo
1309 2593 1543 2656 ejecerat
1575 2595 1890 2653 vendentes,
1925 2595 2175 2644 dixerunt
2209 2592 2414 2659 Judaei,
2450 2594 2778 2658 “Quodnam

800 2661 1039 2721 signum.
1061 2671 1354 2709 .monstras
1389 2661 1532 2723 quod
1571 2661 1703 2710 baec
1742 2660 1944 2710 facias?
2012 2660 2311 2722 Respondit
2347 2659 2522 2724 Jesus,
2558 2671 2615 2710 et
2646 2661 2779 2710 dixit

801 2723 923 2783 illis,
959 2725 1162 2774 Solvite
1193 2723 1478 2788 Templum
1519 2727 1637 2785 hoc,
1680 2725 1735 2774 in
1778 2726 1947 2775 tribus
1986 2735 2168 2775 tamen
2213 2727 2401 2774 diebus
2441 2727 2780 2775 exsuscitabo

799 2789 974 2839 illud”
997 2790 1071 2852 (ii.
1100 2791 1176 2849 16,
1204 2791 1280 2849 18,
1311 2790 1418 2854 19):

538 2936 719 3020 quod
772 2937 879 3000 hie
934 2957 1056 3018 per
1101 2937 1428 3018 “signum
1482 2937 1911 3001 monstrare”
1962 2936 2377 3020 significetur
2428 2936 2777 3001 testificari

539 3052 659 3113 per
695 3031 968 3114 aliquod
1006 3031 1417 3112 stupendum
1453 3042 1571 3095 aut
1609 3050 1729 3112 per
1764 3051 2004 3095 vocem
2042 3053 2079 3094 e
2117 3030 2329 3106 cae10,
2371 3042 2606 3112 patet3
2653 3032 2773 3094 sed

541 3127 696 3208 quia
733 3124 1125 3190 testificatio
1163 3125 1319 3189 talis
1364 3125 1518 3188 illos
1553 3126 2017 3190 damnavisset
2055 3127 2279 3207 potius
2316 3145 2516 3208 quam
2554 3125 2776 3188 salva·

536 3221 766 3295 visset,
817 3229 890 3282 ut
945 3239 1110 3282 mox
1165 3239 1368 3300 supra
1415 3217 1673 3283 dietum
1732 3230 1859 3295 est,
1909 3221 2063 3283 ideo
2115 3219 2245 3283 illis
2291 3221 2640 3300 respondit
2691 3220 2776 3282 de

542 3309 951 3394 “Templo,”
1003 3332 1122 3393 per
1181 3313 1363 3395 quod
1423 3313 1772 3378 intellexit
1833 3333 2078 3394 corpus
2137 3332 2351 3388 suum,
2406 3315 2587 3395 quod
2648 3315 2776 3376 hoc

537 3407 935 3484 solveretur,
983 3407 1112 3470 hoc
1167 3417 1296 3482 est,
1347 3418 1743 3484 moreretur,
1791 3419 1863 3472 et
1918 3406 2367 3490 glorificatum
2414 3409 2619 3470 tertio
2670 3409 2777 3469 die

535 3512 960 3584 resurgeret3
1015 3502 1144 3564 hoc
1191 3521 1457 3584 quoque
1503 3511 1608 3564 est
1657 3501 1839 3584 quod
1888 3501 2217 3564 Dominus
2264 3500 2609 3565 intellexit
2656 3521 2773 3583 per

541 3596 865 3677 “signum
895 3595 1109 3677 Jonae
1142 3597 1206 3657 in
1242 3605 1480 3658 ventre
1512 3596 1649 3659 ceti
1686 3594 1900 3659 tribus
1930 3595 2168 3658 diebus
2207 3604 2278 3659 et
2314 3594 2526 3658 tribus
2560 3593 2775 3658 noc'ti-

537 3688 717 3751 buS.”
801 3687 1036 3770 (Quod
1069 3709 1187 3770 per
1216 3694 1254 3720 ‘⁶
1273 3688 1636 3769 Templum
1653 3687 1774 3750 ”in
1800 3709 2115 3769 supremo
2140 3709 2341 3751 sensu
2366 3688 2779 3770 significetur

538 3801 781 3864 corpus
819 3781 1114 3858 Domini,
1148 3783 1458 3845 videatur
1493 3781 1656 3857 Joh.
1691 3783 1754 3845 ii.
1787 3782 1919 3866 21.)
1998 3782 2219 3863 ‘Apud
2254 3781 2522 3858 Lucam,

635 3931 878 3994 Angelus
894 3931 1027 3981 dixit
1042 3932 1398 3994 pastoribus,“
1414 3931 1585 3982 Natus
1604 3939 1689 3981 est
1702 3933 1857 3980 vobis
1874 3913 2041 3981 hodie⁴
2052 3930 2312 3989 Salvator,
2326 3931 2415 3995 qui
2434 3941 2519 3981 est
2533 3907 2777 3981 Christus

801 3996 1082 4056 Dominus,
1095 3998 1150 4046 in
1170 3999 1301 4046 urbe
1319 3997 1542 4048 Davidis
1562 4013 1573 4047 :
1600 4006 1655 4047 et
1674 3998 1775 4046 hoc
1791 3999 1944 4046 vobis
1960 3998 2191 4059 signum,
2205 3998 2491 4046 invenietis
2508 3997 2778 4046 Infantem

797 4062 978 4112 fasciis
1002 4063 1302 4112 involutum
1324 4063 1593 4126 jacentem
1619 4063 1675 4112 in
1702 4064 1949 4126 praesepi
1964 4062 1993 4082 ”
2018 4063 2090 4124 (ii.
2114 4075 2188 4121 11,
2212 4073 2287 4121 12,
2311 4063 2421 4124 16):

537 4223 857 4305 quoniam
896 4242 1017 4303 per
1050 4223 1376 4304 “signum
1391 4219 1422 4246 ”
1454 4220 1856 4304 intelligitur
1888 4219 2279 4285 testificatio
2309 4230 2383 4284 ut
2420 4222 2779 4286 crederent

537 4316 718 4398 quod
759 4327 958 4380 natus
995 4327 1178 4380 esset
1217 4315 1531 4381 Salvator
1563 4317 1815 4390 mundi,
1851 4315 2007 4378 ideo
2037 4316 2283 4379 dicitur
2313 4315 2497 4397 quod
2532 4317 2777 4380 “inve-

537 4415 760 4477 nirent
804 4411 1034 4492 Ipsum
1072 4410 1416 4493 jacentem
1453 4411 1520 4474 in
1559 4411 1865 4492 praesepi
1904 4409 2282 4473 involutum
2318 4411 2537 4474 fasciis
2561 4411 2613 4487 ;”
2658 4410 2779 4474 sed

536 4507 718 4589 quod
767 4504 833 4568 id
882 4504 1276 4568 testificatio
1321 4515 1528 4582 esset,
1563 4524 1766 4568 nemo
1812 4515 2042 4586 potest
2087 4505 2278 4580 scire,
2324 4505 2447 4568 nisi
2493 4505 2605 4588 qui
2652 4506 2779 4568 scit

536 4599 696 4683 quid
731 4598 1131 4681 intelligitur
1163 4618 1282 4682 per
1315 4599 1759 4682 “praesepe,”
1790 4609 1863 4664 et
1898 4599 2057 4682 quid
2091 4619 2211 4682 per
2245 4600 2541 4664 “fascias
2564 4599 2615 4680 ;”
2661 4619 2783 4682 per
