3259 5384
599 665 758 732 1922
1214 662 1719 716 APOCALYPSIS
1765 662 2215 715 EXPLICATA.

589 833 729 896 siae
755 852 770 912 ;
818 853 1023 915 quare
1055 851 1175 916 per
1205 833 1336 897 hoc
1363 832 1629 916 signum
1656 832 1963 897 similiter
1985 841 2497 916 repraesentata
2519 843 2625 898 est
2656 853 2834 900 nova

587 927 877 990 ecclesia
913 947 1085 1010 quae
1123 927 1562 991 instauranda
1597 947 1639 990 a
1676 927 1995 1004 Domino,
2034 928 2153 990 sed
2197 927 2303 991 hic
2340 928 2521 1010 quod
2560 939 2832 1011 tempus

587 1021 1096 1102 protraheretur
1119 1021 1400 1084 ulterius
1430 1038 1635 1103 quam
1660 1017 1915 1084 dic'tum
1946 1031 2051 1084 est
2084 1020 2365 1084 Achaso
2396 1040 2560 1084 mox
2589 1041 2827 1104 supra:

591 1133 713 1196 per
779 1112 1315 1179 “retractionem
1382 1115 1659 1178 umbrae
1722 1135 1895 1197 quae
1960 1115 2316 1179 descendit
2382 1116 2449 1178 in
2510 1115 2829 1196 gradibus

587 1206 846 1270 Achasi
891 1228 1014 1291 pro
1059 1207 1204 1271 sole
1219 1208 1249 1233 '³
1284 1207 1701 1290 significatur
1735 1204 2055 1272 retractio
2100 1210 2424 1289 temporis
2458 1218 2829 1292 antequam

585 1301 654 1364 id
686 1299 804 1366 fiet
831 1321 847 1379 ;
887 1321 1006 1384 per
1031 1305 1072 1335 ‘⁴
1095 1302 1347 1384 gradus
1378 1301 1685 1366 Achasi”
1708 1301 2124 1384 significatur
2152 1311 2444 1384 tempusa
2478 1302 2583 1366 hic
2616 1323 2825 1386 usque

586 1395 674 1458 ad
721 1395 997 1459 Domini
1033 1396 1446 1475 adventum3
1493 1417 1615 1478 per
1648 1401 1689 1429 ‘⁴
1707 1395 2014 1459 umbram
2030 1395 2061 1420 ”
2093 1395 2183 1458 ibi
2218 1395 2633 1476 significatur
2668 1415 2825 1477 pro·

589 1489 850 1570 gressio
899 1489 1041 1571 ejus
1093 1489 1182 1553 ab
1235 1501 1387 1554 ortu
1441 1491 1527 1553 ad
1581 1509 1943 1553 occasum:
2006 1509 2129 1571 per
2171 1489 2353 1571 quod
2402 1493 2827 1554 “retrorsum

585 1583 1046 1647 retraheretur
1090 1582 1330 1649 decem
1377 1583 1673 1665 gradus”
1709 1582 2127 1666 significatur
2172 1581 2606 1664 prolongatio
2649 1593 2825 1646 tem-

585 1677 770 1758 poris
823 1697 941 1758 per
991 1677 1216 1759 plures
1267 1678 1487 1741 adhuc
1534 1697 1773 1752 ann05,
1826 1676 2171 1740 “decem’'
2216 1677 2396 1740 enirn
2442 1675 2825 1758 significant

588 1769 818 1850 plura;
880 1791 1000 1852 per
1045 1770 1378 1846 “solem,”
1412 1771 1524 1853 qui
1569 1770 1979 1845 retrocedet,
2029 1769 2445 1852 significatur
2486 1768 2823 1832 adventus

585 1863 881 1927 Domini.
983 1863 1119 1928 Sed
1189 1865 1320 1928 hoc
1387 1864 1666 1928 ulterius
1731 1863 2204 1926 illustrandum
2274 1873 2420 1926 est:
2488 1863 2825 1926 adventus

585 1957 861 2022 Domini
905 1958 1026 2024 suit
1071 1959 1344 2042 quando
1381 1959 1530 2022 finis
1567 1957 1920 2022 Ecclesiae
1954 1957 2274 2040 Judaicae
2318 1967 2487 2032 erat,
2528 1956 2657 2020 hoc
2696 1967 2822 2032 est,

585 2051 859 2132 quando
894 2050 984 2114 ibi
1030 2071 1165 2114 non
1212 2051 1486 2134 aliquod
1531 2051 1786 2116 bonum
1832 2061 1903 2116 et
1949 2071 2181 2114 verum
2227 2051 2564 2114 residuum
2600 2060 2822 2114 esset:

589 2144 720 2208 hoc
775 2144 1175 2226 intelligitur
1225 2167 1346 2228 per
1393 2146 1726 2228 “quando
1772 2156 2247 2209 consummata
2298 2155 2403 2208 est
2452 2143 2825 2227 iniquitas,”

589 2248 662 2302 et
700 2259 965 2321 quoque
1005 2259 1123 2320 per
1161 2240 1714 2321 “plenitudinem
1753 2239 2183 2320 temporum”
2219 2241 2286 2302 in
2324 2259 2457 2321 qua
2494 2239 2827 2301 Dominus

586 2342 911 2395 venturus
943 2344 1088 2397 est:
1138 2335 1479 2416 integrum
1514 2343 1784 2414 tempus
1810 2334 2184 2398 durationis
2216 2332 2565 2395 Ecclesiae
2595 2331 2823 2412 Judai-

586 2445 708 2490 cae
749 2436 1334 2508 repraesentatum
1379 2439 1484 2491 est
1539 2447 1659 2508 per
1706 2428 2014 2508 “gradus
2065 2426 2383 2500 Achasi,'’
2429 2427 2825 2507 principium

583 2519 724 2601 ejus
759 2540 880 2603 per
915 2523 1201 2601 primum
1239 2523 1524 2603 gradum
1563 2520 1674 2595 ibi,
1713 2522 1825 2604 qui
1862 2531 1969 2584 est
2005 2521 2279 2604 quando
2314 2520 2416 2585 sol
2454 2530 2562 2584 est
2600 2521 2666 2582 in
2702 2539 2826 2583 suo

459 2651 474 2668 ο
584 2626 760 2690 ortu,
787 2625 858 2680 et
891 2616 1038 2679 finis
1062 2616 1202 2698 ejus
1236 2637 1353 2698 per
1377 2618 1689 2680 ultimum
1715 2617 2000 2698 gradum
2031 2618 2097 2679 in
2130 2635 2412 2693 occasu;
2452 2615 2607 2678 inde
2631 2623 2825 2696 patet

584 2710 768 2790 quod
805 2730 926 2791 per
963 2709 1502 2774 “retractionem
1539 2711 1816 2774 umbrae
1836 2710 1869 2736 '⁸
1903 2709 1990 2773 ab
2026 2728 2269 2774 occasu
2307 2729 2539 2772 versus
2575 2719 2824 2783 ortum.

587 2803 1009 2886 intelligatur
1053 2805 1488 2887 prolongatio
1531 2805 1708 2867 illius
1758 2805 2105 2885 temporis.
2164 2802 2399 2884 ·Quod
2452 2804 2581 2867 hoc
2633 2801 2825 2884 fieret

588 2897 712 2960 “in
743 2898 1064 2980 gradibus
1095 2899 1411 2974 Achasi‚”
1441 2907 1586 2962 erat
1618 2899 1775 2980 quia
1803 2897 2120 2961 Achasus
2150 2917 2271 2960 rex
2304 2907 2451 2960 erat
2482 2896 2719 2969 malus,
2753 2905 2826 2960 et

582 2992 961 3073 profanavit
987 2991 1224 3056 sancta
1247 2992 1614 3070 ecclesiae;
1653 3012 1857 3074 quare
1888 2993 1943 3055 si
1974 2987 2409 3054 successores
2428 2991 2571 3073 ejus
2594 2989 2823 3053 simili-

583 3095 690 3148 ter
724 3085 1064 3162 fecissent,
1104 3085 1253 3148 finis
1289 3086 1465 3148 illius
1501 3085 1829 3149 ecciesiae
1876 3085 2063 3148 brevi
2107 3084 2428 3148 affuturus
2473 3093 2697 3162 esset;
2750 3093 2823 3146 at

583 3181 740 3262 quia
775 3179 1048 3243 Hiskias
1078 3201 1202 3243 rex
1231 3180 1480 3261 probus
1503 3191 1673 3252 erat,
1702 3179 2183 3261 prolongatum
2214 3189 2320 3243 est
2347 3190 2637 3261 tempus„
2666 3197 2824 3241 nam

581 3275 899 3356 iniquitas
935 3275 1164 3355 gentis
1201 3275 1392 3337 istius
1429 3293 1550 3356 per
1593 3273 1659 3336 id
1706 3293 1841 3336 non
1880 3283 2023 3336 tam
2061 3274 2201 3336 cito
2238 3283 2643 3354 perventura
2678 3281 2825 3336 erat

584 3366 672 3430 ad
709 3369 1387 3443 consummationem,
1421 3367 1552 3431 hoc
1588 3376 1719 3442 est,
1750 3366 1839 3430 ad
1876 3366 2079 3430 finem
2108 3385 2324 3430 suum.
2412 3365 2621 3448 Apud
2658 3385 2824 3430 eun-

586 3461 766 3538 dem,

682 3593 856 3646 Dicite
880 3595 947 3644 ad
975 3593 1224 3644 Hiskiam
1245 3608 1442 3657 regem,
1464 3594 1492 3618 ‘⁸
1509 3592 1631 3643 Hoc
1651 3593 1745 3644 tibi
1764 3593 1980 3656 signum
2002 3605 2017 3650 ς
2050 3593 2332 3642 comedere
2348 3591 2449 3642 hoc
2468 3607 2614 3643 anno
2632 3602 2826 3657 sponte

846 3675 1091 3718 nascens,
1120 3669 1174 3708 et
1200 3675 1347 3709 anno
1371 3660 1608 3708 secundo
1637 3659 1778 3708 ultro
1806 3673 2087 3716 crescens:
2122 3669 2177 3707 at
2204 3659 2259 3708 in
2288 3672 2435 3707 anno
2465 3659 2621 3708 tertio
2648 3659 2824 3716 serite,

845 3726 1030 3776 metite
1069 3732 1125 3775 et
1170 3725 1411 3788 plantate
1450 3725 1656 3782 vineas.
1690 3733 1747 3774 et
1784 3724 2050 3774 comedite
2090 3721 2323 3774 trucium
2350 3722 2579 3773 earum”
2607 3723 2825 3787 (xxxvii.

844 3793 930 3853 3ο)
944 3807 958 3841 :

569 3933 714 3996 hoc
761 3929 1016 3996 dictum
1061 3941 1170 3996 est
1217 3931 1301 3995 ad
1353 3931 1664 3995 Hiskiam
1710 3951 1965 4014 regem,
2005 3950 2159 3995 cum
2206 3929 2657 3996 Sancheribus
2701 3951 2825 3995 rex

584 4027 913 4108 Assyriae
957 4025 1214 4089 bellum
1260 4027 1319 4088 ei
1365 4025 1614 4100 intulit,
1662 4045 1741 4088 ac
1788 4024 2085 4088 fastuose
2131 4024 2399 4089 locutus
2444 4033 2551 4088 est
2597 4024 2682 4087 de
2727 4044 2822 4099 se,

581 4133 653 4186 et
699 4120 1190 4185 contumeliose
1235 4119 1321 4184 de
1368 4119 1519 4183 Deo
1565 4131 1638 4184 et
1685 4119 1771 4183 de
1818 4119 2110 4197 Israele;
2166 4139 2372 4202 quare
2417 4119 2625 4182 etiam
2670 4138 2822 4201 per-

584 4217 760 4279 cussi
799 4225 955 4278 sunt
994 4215 1059 4277 in
1099 4215 1338 4277 castris
1375 4214 1516 4296 ejus
1545 4211 1882 4278 ¹¹¹centum
1919 4223 1991 4276 et
2035 4210 2386 4295 octoginta
2421 4223 2493 4276 et
2529 4213 2823 4295 quinque

583 4311 813 4385 millia,
847 4319 920 4374 et
956 4311 1098 4391 ipse
1131 4331 1172 4372 a
1205 4309 1355 4372 filiis
1387 4308 1526 4389 ejus
1559 4309 1821 4372 occisus
1856 4317 1982 4370 est.
2072 4307 2293 4371 Causa
2324 4327 2442 4370 cur
2471 4306 2538 4369 id
2574 4304 2826 4370 factum

583 4415 712 4480 est,
767 4414 934 4480 erat,
990 4406 1146 4487 quia
1196 4423 1318 4486 per
1371 4403 1788 4484 “Assyriam
1805 4401 1835 4426 ”
1878 4401 2297 4483 significatur
2346 4401 2700 4476 rationale,
2753 4410 2828 4465 et

583 4498 799 4562 simile
848 4518 966 4580 per
1013 4503 1301 4580 “regem
1349 4494 1733 4578 Assyriae,”
1769 4514 1848 4559 ac
1895 4516 2015 4577 per
2062 4494 2491 4577 “judaeam’'
2528 4495 2825 4559 caeleste

583 4592 934 4670 ecclesiae,
981 4601 1054 4657 et
1099 4590 1444 4675 spirituale
1489 4589 1819 4655 ecclesiae
1864 4608 1985 4672 per
2022 4595 2310 4673 “regem
2348 4589 2488 4671 ejus
2511 4588 2566 4669 ;”
2616 4599 2689 4654 at
2734 4587 2824 4651 ibi
