3259 5384
652 655 822 724 2354
1271 651 1771 706 APOCALvPsm
1817 653 2267 706 EXPLICATA.

646 825 782 890 sint
819 823 951 887 illis
987 823 1098 906 qui
1137 832 1280 886 tam
1317 820 1626 888 doctrina
1663 843 1863 906 quam
1897 824 2039 888 vita
2074 825 2143 888 in
2180 822 2315 889 fide
2348 823 2465 890 illa
2500 833 2681 902 sunt,
2714 843 2881 890 con-

645 928 828 983 stare
875 928 1106 1000 potest
1153 939 1244 982 ex
1289 937 1394 993 eo,
1433 920 1588 1001 quia
1633 916 1799 982 fides
1844 918 1991 982 sola
2028 918 2402 1000 justificans
2445 940 2565 984 seu
2610 919 2883 984 salvans

646 1021 753 1075 est
791 1012 956 1076 haec
995 1011 1184 1088 fides,
1223 1013 1404 1094 quod
1439 1013 1640 1076 Pater
1671 1014 1927 1076 miserit
1968 1013 2233 1089 Filium,
2267 1015 2379 1097 qui
2410 1014 2883 1080 reconciliaret

647 1105 788 1170 Sibi
832 1127 1048 1188 genus
1107 1106 1474 1171 humanum
1535 1127 1654 1190 per
1699 1108 2083 1188 passionem
2136 1110 2352 1172 crucis
2398 1119 2467 1173 et
2514 1111 2607 1172 sic
2654 1110 2883 1174 subla-

645 1201 906 1264 tionem
942 1202 1442 1280 damnationis;
1489 1202 1609 1264 sed
1644 1201 1858 1284 qualis
1890 1202 2057 1266 haec
2090 1200 2257 1266 fides
2292 1213 2420 1278 est,
2447 1213 2521 1268 et
2550 1204 2711 1286 quid
2744 1205 2885 1268 veri

646 1304 764 1357 aut
811 1314 948 1359 non
983 1297 1123 1358 veri
1169 1297 1234 1358 in
1281 1295 1396 1358 illa
1441 1306 1568 1369 est,
1609 1315 1808 1376 supra
1854 1297 2246 1376 expositum
2291 1308 2439 1374 est;
2484 1307 2558 1362 et
2604 1299 2886 1382 quisque

646 1389 876 1452 videre
913 1399 1143 1470 potest
1179 1389 1362 1472 quod
1394 1390 1458 1452 in
1499 1389 1614 1452 illa
1660 1388 1790 1452 fide
1828 1409 1964 1452 non
1996 1390 2083 1454 sit
2122 1391 2247 1454 nisi
2282 1409 2487 1473 quam
2527 1392 2883 1473 cogitatio,

645 1505 726 1548 ac
761 1484 924 1548 nihil
955 1486 1176 1564 vitae;
1223 1503 1380 1548 nam
1413 1484 1675 1558 dicitur,
1706 1485 1759 1546 si
1796 1486 1861 1547 id
1899 1504 2054 1549 cum
2090 1484 2333 1549 fiducia
2359 1497 2433 1550 et
2468 1483 2888 1550 confidentia

647 1577 1003 1654 credimus,
1038 1579 1167 1643 hoc
1203 1589 1332 1654 est,
1368 1581 1787 1660 cogitatione
1825 1581 2277 1662 agnoscimus,
2305 1581 2489 1663 quod
2524 1580 2887 1645 salvemur.

647 1670 718 1736 Si
754 1673 936 1736 salus
973 1676 1059 1738 sit
1107 1676 1173 1737 in
1218 1675 1344 1738 hac
1383 1673 1530 1738 sola
1565 1673 1719 1749 fide,
1760 1674 1917 1756 quid
1956 1693 2123 1756 ergo
2160 1684 2320 1738 tunc
2358 1694 2530 1756 opus
2566 1683 2673 1738 est
2710 1673 2887 1737 scire

647 1767 808 1849 quid
859 1787 1050 1831 arnor
1107 1770 1173 1831 in
1233 1769 1624 1843 Dominum,
1683 1769 1839 1850 quid
1899 1768 2193 1832 charitas
2251 1787 2415 1850 erga
2474 1768 2888 1850 proximum,

649 1862 808 1942 quid
843 1863 986 1925 vita
1038 1862 1348 1938 hominis,
1395 1882 1476 1926 ac
1521 1864 1703 1926 vitae
1763 1862 1944 1926 bona
1994 1872 2067 1926 et
2121 1862 2322 1936 mala,
2370 1862 2530 1944 quid
2583 1863 2893 1925 remissio

649 1965 1108 2036 peccatorum,
1149 1958 1308 2039 quid
1346 1956 1739 2020 reformatio
1774 1967 1845 2020 et
1877 1955 2349 2038 regeneratio?
2394 1975 2623 2020 annon
2659 1955 2897 2018 omnia

649 2048 766 2112 illa
801 2060 960 2115 sunt
997 2050 1143 2115 sola
1179 2050 1295 2116 illa
1330 2050 1542 2114 fides?
1629 2049 1699 2114 Si
1738 2051 2078 2132 quaeritur
2108 2050 2267 2132 quid
2300 2051 2604 2114 remissio
2640 2067 2895 2130 pecca·—

650 2153 896 2220 torum‚
931 2165 1160 2208 annon
1197 2156 1304 2209 est
1341 2144 1489 2208 sola
1525 2144 1642 2209 illa
1678 2142 1893 2208 fides?
1938 2144 1993 2206 si
2024 2145 2367 2226 quaeritur
2396 2143 2555 2226 quid
2592 2142 2897 2206 charitas

650 2257 816 2318 erga
845 2239 1250 2320 proximum,
1283 2259 1510 2303 annon
1543 2248 1650 2302 est
1682 2238 1829 2302 sola
1866 2237 1981 2302 illa
2010 2237 2223 2302 fides?
2266 2239 2321 2302 si
2353 2238 2695 2320 quaeritur
2724 2237 2893 2318 quid

649 2343 758 2396 est
787 2332 1098 2409 ecclesia,
1123 2353 1354 2397 annon
1385 2343 1490 2398 est
1523 2332 1669 2398 sola
1701 2333 1815 2396 illa
1846 2330 2059 2396 fides?
2132 2331 2241 2397 Ita
2264 2333 2327 2396 in
2354 2331 2641 2414 reliquis.
2718 2330 2897 2394 Inde

651 2437 848 2510 patet
879 2429 1060 2510 quod
1091 2428 1213 2492 illa
1247 2427 1396 2492 sola
1431 2427 1599 2492 fides
1629 2427 2069 2510 absorpserit,
2096 2437 2167 2492 et
2191 2428 2385 2510 quasi
2414 2427 2620 2491 draco
2644 2425 2896 2508 deglu-

653 2522 884 2586 tiverit
929 2525 1159 2586 omnia
1194 2543 1356 2587 vera
1400 2532 1472 2588 et
1526 2523 1709 2586 bona
1746 2521 1957 2586 Verbi
2002 2531 2075 2586 et
2121 2523 2277 2584 inde
2322 2520 2675 2594 ecclesiae,
2715 2540 2900 2602 quae

653 2625 889 2679 tamen
919 2617 1436 2702 innumerabilia
1472 2626 1654 2692 sunt,
1694 2626 1765 2680 et
1804 2635 1924 2700 per
1958 2635 2132 2699 quae
2169 2616 2391 2679 omnis
2428 2613 2901 2696 intelligentia

653 2719 725 2773 et
765 2711 1099 2792 sapientia
1136 2721 1242 2775 est
1281 2710 1567 2793 angeliS,
1595 2721 1667 2775 et
1700 2731 1820 2794 per
1848 2730 2019 2793 quae
2050 2711 2271 2773 omnis
2308 2707 2491 2771 salus
2527 2717 2633 2771 est
2667 2707 2901 2771 homi-

653 2803 872 2867 nibus
963 2801 1140 2886 Quia
1171 2824 1292 2887 per
1322 2805 1508 2868 illam
1547 2805 1766 2869 solam
1798 2802 2001 2869 fidem
2034 2802 2434 2868 exsularunt
2467 2802 2696 2865 omnia
2732 2822 2903 2865 vera

654 2919 735 2962 ac
780 2899 961 2962 bona
1013 2899 1366 2976 ecclesiae,
1415 2899 1717 2984 sequitur
1762 2899 1941 2982 quod
1998 2897 2155 2962 loco
2198 2896 2467 2961 illorum
2526 2897 2664 2960 sint
2721 2894 2905 2960 falsa

655 3003 727 3057 et
781 2993 939 3058 inde
984 2993 1186 3070 mala,
1227 3004 1298 3058 et
1343 3003 1845 3076 consequenter
1888 2991 2181 3056 ecclesia
2225 2991 2629 3068 devastata;
2682 2989 2905 3054 immo

653 3089 887 3163 etiam,
929 3108 1049 3170 per
1084 3089 1216 3153 hoc
1248 3107 1504 3163 verum,
1545 3089 1730 3171 quod
1769 3087 1979 3151 ho’mo
2015 3107 2108 3150 ex
2140 3107 2213 3151 se
2246 3105 2384 3149 non
2419 3084 2642 3150 facere
2674 3086 2905 3168 possit

656 3184 910 3248 bonum
957 3183 1140 3266 quod
1198 3183 1454 3247 bonum
1499 3192 1628 3259 est,
1676 3182 2070 3263 rejiciuntur
2114 3181 2344 3244 omnia
2387 3199 2551 3243 vera
2592 3188 2665 3243 et
2712 3179 2906 3244 bona

655 3277 1010 3360 ecclesiae,
1050 3278 1240 3361 quasi
1277 3277 1534 3342 homini
1571 3276 1775 3342 liceat
1814 3277 1909 3340 sic
1956 3275 2288 3340 desistere
2323 3274 2414 3337 ab
2458 3272 2593 3338 illis
2637 3272 2905 3338 facien-

657 3374 783 3448 dis,
823 3373 978 3455 quia
1014 3373 1242 3455 potius
1278 3370 1715 3445 damnabilia,
1750 3371 1804 3433 si
1842 3389 1979 3434 non
2017 3369 2221 3444 bona,
2260 3386 2463 3451 quam
2502 3366 2902 3432 salutifera:

657 3476 730 3532 et
783 3469 1024 3531 mirum
1083 3475 1192 3532 est
1245 3466 1427 3549 quod
1489 3485 1608 3548 per
1660 3483 1861 3527 unum
1911 3482 2145 3528 verum
2206 3461 2385 3527 male
2439 3459 2905 3538 intellectum,

657 3563 888 3627 omnia
931 3583 1092 3626 vera
1145 3569 1218 3626 et
1275 3561 1458 3624 bona
1515 3557 1846 3624 ecclesiae
1903 3559 1970 3622 in
2026 3567 2182 3622 toto
2228 3555 2600 3639 complexu
2644 3553 2906 3638 rejecta

659 3658 820 3724 sint.
911 3655 1104 3720 Haec
1157 3665 1318 3720 sunt
1371 3675 1546 3738 quae
1598 3673 1719 3738 per
1770 3659 2179 3716 “numerum
2239 3651 2502 3716 bestiae
2558 3660 2907 3716 sexcenta

601 3757 616 3776 '
659 3751 1028 3834 sexaginta
1063 3761 1136 3816 et
1167 3771 1295 3815 sex
1311 3749 1342 3776 ”
1372 3750 1440 3814 in
1477 3767 1682 3814 sensu
1719 3747 2049 3832 spirituali
2080 3744 2570 3830 significantur.
