3259 5384
908 671 1069 723 CAP.
1102 671 1288 736 xm„
1320 671 1531 725 vssks.
1566 673 1788 740 3.-Ν,
1817 659 2076 744 785[α].
2442 663 2614 746 2189

380 853 793 900 1203meoe
809 853 1177 913 mom,
1198 867 1247 902 n.
1270 855 1351 914 33)
1375 858 1390 900 ε
1429 848 1501 902 et
1527 859 1618 901 ex
1645 839 2151 920 significatione
2173 845 2215 874 “
2233 840 2614 904 sauciatum

376 951 525 996 esse
577 933 645 995 in
698 943 994 996 mortem
1012 932 1045 958 ”
1088 933 1271 1016 quod
1322 933 1414 996 sit
1466 933 1863 997 discordare
1913 954 2069 998 cum
2113 934 2394 1013 Verbo;
2454 955 2614 998 nam

379 1024 685 1088 doctrina
728 1045 903 1108 quae
960 1045 1115 1088 cum
1169 1025 1408 1090 Verbo
1465 1027 1818 1090 discordat
1867 1038 2139 1092 mortua
2189 1038 2319 1104 est,
2365 1037 2438 1091 et
2483 1027 2614 1092 hoc

379 1129 719 1182 mortuum
744 1129 851 1184 est
875 1121 1061 1203 quod
1091 1121 1515 1203 significatur
1551 1142 1672 1203 per
1701 1124 2137 1185 “sauciatum
2157 1123 2226 1185 in
2258 1122 2618 1186 mortem.”

380 1211 455 1274 Id
498 1213 683 1294 quod
726 1213 1101 1290 discordat,
1146 1225 1254 1278 est
1292 1215 1475 1297 quod
1520 1223 1844 1296 separent
1875 1216 2090 1278 vitam
2123 1217 2398 1290 amoriS,
2436 1235 2614 1298 quae

382 1315 537 1372 sunt
568 1307 754 1369 bona
784 1327 1017 1388 opera,
1040 1329 1080 1371 a
1110 1307 1264 1384 fide,
1287 1319 1359 1378 et
1391 1307 1569 1372 hanc
1602 1308 1860 1372 faciunt
1885 1309 2104 1373 solam
2121 1309 2618 1392 justificantem

381 1410 449 1462 et
498 1399 912 1476 salvantem,
960 1422 1038 1465 ac
1083 1405 1269 1466 vitae
1327 1403 1580 1465 amoris
1628 1423 1748 1466 seu
1799 1403 1999 1466 bonis
2044 1404 2366 1487 operibus
2409 1423 2616 1468 omne

376 1491 877 1574 justificationis
922 1506 994 1560 et
1038 1496 1283 1558 salutis
1327 1494 1686 1573 auferunt;
1733 1506 1803 1560 et
1847 1499 2004 1579 quia
2044 1498 2112 1560 in
2144 1495 2383 1560 Verbo
2427 1497 2618 1561 mille

382 1589 443 1649 in
476 1588 645 1650 locis
678 1589 927 1654 dicitur
961 1597 1253 1652 “amare
1270 1589 1301 1614 ”
1337 1599 1410 1653 et
1444 1588 1787 1664 “facere,’'
1811 1599 1882 1653 et
1914 1591 2098 1672 quod
2129 1590 2341 1654 homo
2371 1609 2617 1654 secun·

382 1681 535 1743 dum
570 1682 857 1746 “sacta”
888 1695 960 1747 et
996 1690 1267 1766 “opera
1282 1682 1315 1707 ”
1338 1682 1749 1764 judicandus
1779 1685 1890 1758 sit,
1925 1693 1997 1746 et
2040 1683 2212 1748 haec
2259 1704 2413 1748 curn
2458 1684 2618 1748 reli·

382 1776 571 1855 gioso
596 1778 721 1841 illo
746 1797 883 1840 non
908 1777 1358 1849 concordant,
1382 1776 1540 1838 ideo
1564 1776 1736 1839 haec
1764 1785 1925 1840 sunt
1950 1797 2124 1859 quae
2149 1777 2621 1859 significantur

384 1885 493 1948 per
541 1869 877 1954 “plagam
938 1868 1183 1950 capitis
1247 1867 1441 1950 hujus
1505 1867 1768 1932 bestiae
1822 1869 1890 1930 in
1940 1879 2232 1933 mortem
2259 1869 2312 1932 :”
2371 1890 2462 1933 ex
2511 1869 2618 1932 his

388 1963 606 2046 itaque
634 1973 953 2027 constare
977 1971 1211 2046 potest
1230 1964 1412 2045 quod
1434 1983 1551 2044 per
1571 1968 1610 1995 ‘⁴
1627 1961 1790 2025 Vidi
1811 1983 2014 2027 unum
2035 1965 2336 2046 capitum
2356 1964 2621 2028 bestiae

386 2055 552 2120 sicut
598 2059 977 2121 sauciatum
1025 2059 1093 2118 in
1139 2056 1467 2120 mortem”
1504 2055 1921 2138 significetur
1960 2057 2420 2121 discordantia
2467 2077 2620 2121 cum

386 2147 635 2226 Verbo,
664 2153 773 2214 ubi
800 2151 1105 2225 “amor,”
1134 2152 1334 2213 “vita
1350 2151 1379 2175 ’⁸
1406 2161 1477 2214 et
1506 2156 1545 2183 ‘⁶
1564 2171 1772 2233 opera
1792 2151 2053 2215 ”toties
2085 2152 2418 2228 dicuntur,
2447 2175 2622 2236 quae

388 2263 543 2308 cum·
562 2245 687 2308 illo
710 2245 1032 2327 religioso
1064 2265 1335 2328 prorsus
1370 2265 1507 2307 non
1528 2245 1974 2309 concordant.
2067 2245 2272 2327 Quod
2297 2267 2432 2310 non
2454 2267 2614 2311 con-

388 2337 692 2411 cordent,
728 2347 920 2419 patet
956 2336 1312 2400 manifeste
1346 2357 1437 2400 ex
1470 2357 1573 2410 e0,
1603 2337 1785 2419 quod
1819 2337 2073 2418 dogma
2103 2339 2296 2402 istius
2321 2339 2626 2420 religiosi

389 2428 488 2500 sit,
516 2428 701 2510 quod
728 2428 875 2492 sola
906 2426 1074 2490 fides
1098 2428 1355 2510 absque
1380 2428 1695 2509 operibus
1729 2427 1899 2509 legis
1919 2427 2244 2508 justificet
2275 2439 2348 2494 et
2374 2430 2619 2506 salvet,

389 2518 588 2582 immo
628 2519 807 2602 quod
847 2519 901 2581 si
941 2519 1007 2581 in
1048 2519 1363 2600 operibus
1407 2518 1660 2601 aliquid
1707 2519 1946 2582 salutis
1985 2521 2258 2602 ponitur
2292 2521 2379 2584 sit
2426 2521 2621 2584 dam-

388 2628 647 2685 nosum,
686 2620 964 2692 propter
1018 2611 1332 2673 meritum
1381 2619 1452 2673 et
1498 2619 1778 2692 propter
1830 2612 2171 2692 proprium
2218 2612 2510 2675 hominis
2555 2613 2623 2674 in

388 2699 547 2777 illis;
596 2721 803 2783 quare
829 2702 1039 2764 etiam
1067 2700 1291 2782 plures
1320 2701 1672 2764 abstinent
1700 2700 1786 2762 ab
1812 2700 1942 2763 illis
1965 2701 2310 2777 faciendiS,
2329 2703 2624 2766 dicendo

390 2793 607 2866 corde,
637 2791 885 2855 “Bona
912 2811 1120 2874 opera
1151 2810 1260 2855 me
1291 2811 1431 2854 non
1463 2791 1758 2865 salvant,
1787 2801 1858 2855 et
1893 2791 2074 2854 mala
2106 2811 2215 2856 me
2248 2811 2386 2856 non
2420 2794 2621 2856 dam-

392 2895 571 2958 nant,
594 2883 751 2964 quia
774 2881 975 2946 fidem
1003 2883 1225 2946 habeo
1248 2883 1301 2945 :”
1321 2903 1413 2945 ex
1438 2903 1571 2965 quo
1592 2883 1922 2965 principio
1945 2884 2154 2946 etiam
2186 2884 2621 2948 declarantur

395 2973 483 3036 illi
518 2975 765 3037 salvati
802 2975 913 3056 qui
952 2975 1132 3036 circa
1168 2975 1409 3036 mortis
1448 2973 1690 3036 horam
1737 2994 1827 3036 ex
1866 2975 2160 3056 quadam
2207 2974 2625 3039 confidentia

394 3067 745 3128 enuntiant
798 3086 871 3128 se
926 3064 1127 3128 fidem
1182 3066 1454 3140 habere,
1506 3073 1850 3146 utcunque
1909 3085 2140 3128 eorum
2187 3066 2329 3130 vita
2387 3066 2622 3130 fuerat.
2711 3129 2722 3140 ,

394 3153 518 3219 Sed
542 3157 701 3240 quia
726 3158 791 3218 in
817 3156 1052 3219 Verbo
1076 3156 1259 3219 mille
1286 3157 1352 3218 in
1378 3156 1546 3219 locis
1573 3155 1887 3218 dicuntur
1907 3161 1946 3188 ‘⁸
1964 3153 2188 3220 facta''
2211 3168 2281 3220 et
2311 3158 2625 3240 “opera,”

395 3255 530 3310 turn
554 3245 882 3310 “facere”
920 3257 992 3310 et
1026 3245 1375 3321 “amare,”
1407 3257 1478 3311 et
1518 3245 1636 3309 illa
1673 3246 2080 3310 discordant
2113 3267 2266 3310 cum
2303 3247 2624 3329 religioso

393 3337 523 3410 ino,
550 3339 707 3401 ideo
732 3339 1111 3419 dogmatici
1135 3337 1277 3418 ejus
1308 3339 1716 3402 invenerunt
1751 3338 1992 3400 modos
2021 3337 2477 3419 conjungendi
2507 3339 2626 3404 illa

396 3447 537 3492 cum
592 3427 725 3491 fide
752 3449 767 3490 :
837 3431 1002 3492 haec
1060 3431 1289 3510 itaque
1344 3438 1501 3491 sunt
1549 3449 1722 3511 quae
1769 3427 2237 3510 significantur
2278 3450 2399 3511 per
2443 3431 2622 3512 quod

400 3525 435 3550 ‘⁶
452 3520 691 3583 viderit
718 3539 919 3582 unum
944 3520 1244 3601 capitum
1272 3520 1533 3583 bestiae
1554 3520 1746 3602 quasi
1771 3521 2148 3582 sauciatum
2173 3521 2239 3582 in
2267 3521 2622 3597 mortem,”

396 3619 463 3672 et
488 3609 672 3693 quod
708 3609 969 3693 “plaga
1001 3611 1240 3674 mortis
1274 3611 1415 3692 ejus
1454 3619 1697 3674 sanata
1730 3610 1880 3685 sit,”
1909 3621 1980 3674 et
2012 3610 2193 3692 quod
2230 3612 2626 3675 “admirata

398 3701 479 3766 sit
501 3709 654 3766 tota
677 3710 857 3765 terra
888 3713 1044 3784 post
1078 3703 1369 3766 bestiam
1398 3702 1451 3780 ;”
1484 3704 1608 3764 sed
1635 3703 1981 3784 quomodo
2008 3701 2214 3783 plaga
2237 3701 2355 3765 illa
2380 3713 2627 3766 sanata

399 3801 517 3867 est,
564 3811 809 3875 nempe
866 3813 984 3875 per
1030 3793 1349 3856 inventos
1396 3791 1890 3874 conjunctionis
1940 3793 2204 3868 modoS,
2253 3794 2517 3857 dicetur
2557 3795 2625 3857 in

399 3893 717 3965 sequente
749 3884 1057 3947 articulo.
1138 3883 1267 3948 Hic
1303 3886 1592 3967 primum
1624 3905 1715 3948 ex
1747 3882 1982 3947 Verbo
2015 3883 2441 3948 adducentur
2473 3884 2626 3948 loca

401 3973 502 4036 ubi
548 3972 839 4048 “factm”
889 3975 1211 4058 “opera,”
1261 3975 1583 4040 “facere'’
1629 3985 1703 4040 et
1755 3974 2119 4058 “operari”
2164 3975 2500 4051 dicuntur,
2551 3985 2625 4040 ut

402 4068 666 4150 quisque
691 4069 907 4150 possit
925 4070 1152 4132 videre
1179 4069 1714 4132 discordantiam
1735 4089 1908 4150 quae
1934 4067 2042 4130 hic
2069 4067 2488 4150 significatur
2508 4090 2629 4152 per

407 4165 659 4226 “unum
710 4164 1011 4244 capitum
1056 4165 1433 4226 sauciatum
1471 4163 1559 4226 ad
1606 4162 1962 4238 mortem,”
2000 4173 2146 4226 tum
2192 4162 2375 4245 quod
2421 4163 2628 4245 plaga

404 4254 511 4320 illa
539 4278 807 4340 prorsus
838 4258 1223 4321 incurabilis
1256 4259 1365 4334 sit,
1396 4259 1520 4322 nisi
1552 4259 1763 4321 homo
1799 4258 1986 4322 vivat
2019 4257 2392 4320 secundum
2427 4278 2626 4340 prae-

406 4361 594 4432 cepta
628 4353 695 4415 in
729 4350 965 4415 Verbo
1001 4351 1313 4416 faciendo
1350 4352 1468 4415 illa
1491 4351 1807 4433 z—Apud
1843 4351 2286 4428 Matthaeum,

494 4495 636 4560 “Qui
660 4497 813 4546 audit
835 4497 999 4546 verba
1026 4509 1169 4546 mea.
1190 4503 1268 4546 ,et
1288 4496 1417 4546 facit
1440 4495 1580 4556 illa,”
1604 4495 1796 4545 similis
1823 4506 1908 4545 est
1932 4497 1962 4520 ‘⁸
1976 4497 2092 4545 viro
2116 4494 2364 4558 prudenti
2386 4508 2422 4552 ;.
2443 4529 2456 4544 .
2475 4530 2487 4542 .
2507 4494 2622 4557 ‚qui

646 4561 1141 4690 ‹vsizoaxidaigsserba
1162 4575 1284 4612 mea
1314 4571 1370 4612 et
1404 4576 1515 4611 non
1548 4561 1677 4611 facit
1711 4560 1853 4620 illa,”
1881 4562 2070 4611 similis
2105 4570 2190 4611 est
2215 4560 2378 4609 “viro
2412 4559 2578 4609 stulto
2595 4558 2625 4579 ”
