3259 5384
544 674 551 681 .
662 612 833 693 2038
1284 620 1784 675 APOCALvPsrs
1831 620 2282 671 sxrucxm.

661 792 1021 856 infestetur
1056 812 1097 855 a
1142 790 1341 857 malis
1384 802 1457 857 et
1502 790 1712 865 salsis,
1750 790 1926 857 adeo
1971 798 2046 854 ut
2077 790 2196 855 vix
2243 788 2415 853 sciat
2461 788 2664 853 aliter
2689 807 2891 871 quam

660 886 842 971 quod
889 887 955 949 in
1002 886 1263 951 inferno
1300 888 1411 961 sit,
1453 885 1861 967 intelligitur
1897 905 2018 967 per
2051 883 2234 967 quod
2271 882 2637 965 “Jehovah
2675 882 2889 945 duxe-

658 982 747 1046 rit
810 991 883 1043 te
941 1000 1060 1062 per
1104 980 1455 1043 desertum
1517 999 1844 1060 magnum
1903 989 1974 1043 et
2035 977 2484 1053 formidabile,
2531 977 2886 1058 serpentiS,

656 1075 1001 1165 presteriS,
1044 1074 1442 1155 scorpionis,
1482 1083 1553 1137 et
1600 1075 1749 1136 sitis
1787 1073 1898 1136 ubi
1937 1092 2074 1135 non
2114 1092 2329 1155 aquae
2353 1071 2406 1133 :”
2451 1092 2572 1155 per
2604 1070 2888 1133 “deser-

654 1178 805 1231 tum
831 1186 1155 1249 magnum
1179 1178 1251 1231 et
1284 1166 1710 1231 formidabile
1725 1166 1757 1191 ”
1782 1165 2253 1248 significantur
2277 1186 2522 1247 graves
2555 1166 2888 1229 tentatio-

654 1280 816 1338 nes;
857 1280 977 1344 per
994 1267 1035 1293 ‘⁴
1053 1270 1466 1343 serpentem,
1490 1270 1888 1343 presterem,
1913 1259 2402 1343 scorpionem,”
2424 1258 2889 1341 significantur

654 1354 836 1419 mala
881 1365 951 1418 et
1000 1354 1169 1418 falsa
1207 1374 1361 1419 cum
1408 1354 1956 1438 persuasionibus
2001 1356 2427 1437 emergentia
2465 1374 2554 1416 ex
2593 1352 2890 1415 sensuali

652 1459 724 1513 et
762 1449 1055 1513 naturali
1084 1450 1404 1527 homine;
1442 1455 1482 1481 “
1506 1459 1864 1531 serpentes
1881 1448 1912 1473 ’'
1943 1459 2101 1512 sunt
2141 1447 2323 1511 mala
2358 1448 2538 1521 inde,
2571 1452 2889 1529 “preste-

652 1564 759 1607 res
777 1543 807 1567 ”
845 1554 1005 1606 sunt
1050 1544 1219 1607 falsa
1266 1544 1446 1619 inde,
1496 1554 1568 1607 et
1616 1544 2068 1625 “scorpiones
2087 1542 2118 1565 ’⁸
2163 1552 2320 1605 sunt
2370 1543 2887 1624 persuasiones-3

650 1656 772 1719 per
812 1640 1057 1701 “sitim
1105 1637 1217 1701 ubi
1265 1657 1401 1701 non
1447 1636 1711 1719 aquae”
1750 1636 2172 1718 significatur
2208 1632 2514 1699 defectus
2560 1643 2630 1698 et
2677 1636 2887 1697 inter-

651 1732 869 1795 clusio
907 1734 1067 1795 veri.
1160 1731 1293 1795 Illa
1326 1752 1595 1814 quoque
1632 1732 2111 1812 intelliguntur
2149 1752 2267 1814 per
2303 1730 2488 1815 quod
2523 1729 2886 1811 “jehovah

649 1825 972 1889 afflixerit
1007 1836 1099 1901 te,
1135 1835 1206 1890 et
1240 1826 1617 1889 tentaverit
1652 1835 1746 1900 te,
1784 1836 1856 1889 ut
1895 1830 2349 1907 cognosceret
2383 1825 2543 1908 quid
2581 1826 2648 1887 in
2680 1824 2886 1887 corde

652 1919 831 1983 tu0.”
925 1918 1047 2002 (2.)
1112 1918 1313 2001 Quod
1364 1919 1700 1984 Dominus
1737 1919 1917 2002 apud
1964 1919 2310 1982 hominem
2349 1929 2609 2001 pugnet
2649 1931 2888 1983 contra
2931 1932 2940 1941 '

652 2012 835 2078 mala
874 2024 945 2077 et
992 2013 1165 2077 falsa
1208 2034 1383 2096 quae
1419 2014 1507 2077 ab
1552 2014 1836 2087 inferno,
1875 2012 2297 2095 significatur
2335 2034 2453 2095 per
2497 2014 2682 2095 quod
2723 2013 2886 2094 “Je-

650 2108 880 2171 hovah
920 2109 1255 2172 invenerit
1290 2107 1619 2191 Jacobum
1661 2109 1727 2170 in
1765 2108 2066 2180 deserto,
2107 2110 2174 2171 in
2212 2110 2569 2181 inanitate,
2609 2106 2884 2188 ejulatu,

650 2200 1039 2276 solitudine,
1063 2203 1510 2267 custodiverit
1538 2222 1694 2265 eum
1722 2203 1894 2266 sicut
1930 2200 2256 2287 pupillam
2290 2201 2466 2265 oculi
2498 2203 2600 2265 sui
2623 2202 2676 2279 ;”
2707 2201 2884 2285 quod

654 2297 1089 2378 “portaverit
1138 2316 1293 2359 eum
1341 2299 1516 2360 sicut
1567 2307 1801 2379 portat
1848 2298 1948 2360 vir
1992 2296 2202 2360 filium
2249 2316 2440 2359 suum
2468 2295 2520 2373 ;”
2573 2296 2888 2379 quodque

654 2392 1079 2471 “praeiverit
1148 2391 1283 2454 illis
1354 2392 1421 2453 in
1490 2392 1650 2473 igne
1716 2388 1944 2465 noctu,
2013 2401 2083 2455 et
2151 2393 2218 2453 in
2291 2390 2469 2455 nube
2539 2388 2888 2455 interdiu.”

654 2481 779 2566 (3.)
850 2482 1055 2565 Quod
1112 2484 1447 2549 Dominus
1499 2486 1764 2549 interea
1809 2494 2156 2549 sustentet
2210 2484 2558 2549 hominem
2611 2484 2768 2547 cibo
2817 2493 2886 2547 et

650 2589 819 2659 potu
862 2580 1215 2660 spirituali,
1256 2600 1431 2661 quae
1476 2589 1633 2643 sunt
1683 2580 1866 2643 bona
1910 2588 1982 2643 et
2029 2599 2190 2642 vera
2233 2577 2428 2653 caeli,
2469 2576 2920 2660 significatur*

648 2692 769 2755 per
816 2674 997 2756 quod
1059 2675 1449 2738 “cibaverit
1503 2673 1658 2737 illos
1713 2672 2024 2747 manna,”
2086 2674 2264 2755 quod
2325 2674 2699 2735 “eduxerit
2755 2672 2886 2735 illis

647 2786 861 2849 aquas
912 2788 950 2831 e
1002 2779 1203 2851 petra
1252 2768 1537 2852 scopuli,
1554 2768 1585 2792 ''
1630 2779 1704 2831 et
1757 2769 1941 2850 quod
1990 2767 2321 2832 “duxerit
2367 2776 2436 2837 et
2486 2768 2886 2831 instruxerit

648 2862 805 2929 illos
828 2862 881 2941 ;”
919 2884 1039 2945 per
1076 2870 1115 2895 “
1136 2864 1505 2931 mannam”
1536 2862 1948 2947 intelligitur
1979 2863 2231 2927 bonum
2263 2864 2514 2925 amoris
2545 2861 2888 2935 caelestiS,

648 2965 721 3022 et
774 2977 895 3037 per
952 2964 1219 3040 “aquas
1276 2978 1315 3023 e
1364 2968 1561 3041 petra
1614 2956 1924 3039 scopuli”
1966 2957 2445 3041 intelliguntur
2489 2977 2650 3020 vera
2709 2956 2890 3020 illius

648 3050 809 3121 boni
846 3072 889 3116 a
926 3051 1247 3115 Domino,
1342 3051 1465 3135 (4.)
1531 3050 1736 3133 Quod
1783 3052 2111 3117 naturalis
2150 3052 2359 3115 homo
2396 3050 2511 3114 illa
2550 3052 2616 3113 in
2656 3060 2890 3116 tenta·

651 3145 949 3209 tionibus
985 3145 1319 3221 fastidiat,
1358 3146 1766 3229 intelligitur
1813 3167 1930 3229 per
1977 3147 2160 3229 quod
2205 3144 2318 3209 filii
2368 3144 2639 3208 Israelis
2678 3146 2892 3208 toties

649 3241 1009 3320 conquesti
1041 3241 1179 3303 sint
1222 3240 1307 3303 de
1342 3260 1615 3315 manna,
1647 3252 1720 3305 et
1753 3241 1932 3323 quod
1967 3242 2344 3323 cupiverint
2377 3238 2566 3303 cibos
2597 3238 2890 3321 Aegyp-

648 3332 745 3409 ti;
804 3353 1012 3415 quare
1059 3333 1167 3395 hic
1214 3334 1461 3397 dicitur
1510 3334 1694 3417 quod
1728 3334 2095 3417 “Jehovah
2141 3332 2460 3397 afflixerit
2503 3342 2597 3405 te,
2638 3334 2892 3397 esurire

646 3424 883 3489 fecerit
910 3437 1002 3501 te,
1032 3437 1102 3490 et
1139 3427 1467 3491 cibaverit
1505 3428 1814 3493 manna.”
1909 3427 2028 3512 (5.)
2079 3426 2281 3511 Quod
2317 3447 2526 3510 usque
2558 3426 2894 3491 naturalis

648 3518 861 3583 homo
904 3519 1245 3596 dometur,
1283 3531 1355 3585 et
1404 3524 1595 3605 quasi
1643 3523 1970 3587 moriatur
2013 3543 2166 3587 cum
2211 3520 2354 3603 ejus
2399 3522 2892 3603 concupiscen-

648 3614 785 3689 tiis,
832 3624 905 3678 et
958 3616 1353 3697 subjiciatur
1410 3617 1745 3699 spirituali
1806 3618 2084 3693 homini,
2131 3626 2726 3699 repraesentatum
2782 3628 2892 3681 est

650 3728 771 3790 per
800 3709 983 3792 quod
1020 3729 1263 3774 omnes
1292 3711 1405 3793 qui
1438 3710 1775 3793 Aegypto
1804 3714 2190 3785 exiverunt,
2225 3721 2295 3776 et
2330 3711 2486 3774 illuc
2522 3710 2740 3775 redire
2773 3732 2893 3775 cu-

650 3804 988 3887 piverunt,
1016 3824 1095 3867 ac
1130 3806 1203 3867 in
1232 3814 1487 3870 terram
1512 3804 1906 3869 Canaanem
1938 3806 2192 3872 intrare
2217 3815 2606 3879 renuerunt,
2635 3808 2892 3871 mortui

648 3898 789 3961 sint
842 3898 911 3960 in
965 3898 1267 3975 deserto,
1314 3909 1386 3963 et
1432 3901 1617 3982 quod
1669 3900 1966 3965 infantes
2008 3899 2276 3964 illorum
2324 3900 2390 3962 in
2437 3898 2626 3963 illam
2671 3902 2893 3965 intro-

650 3989 834 4055 duc‘ti
874 3993 1049 4055 sint:
1098 3994 1279 4074 quod
1319 3993 1487 4056 haec
1526 4014 1647 4077 per
1683 3994 1800 4058 illa
1837 4004 2356 4076 repraesentata
2393 4003 2465 4057 et
2503 3993 2895 4074 significata

650 4088 813 4162 sint,
836 4106 973 4149 non
998 4088 1152 4150 sciri
1184 4106 1262 4150 ac
1290 4088 1501 4155 videri
1526 4098 1762 4171 potest
1787 4090 1914 4151 nisi
1946 4108 2149 4173 quam
2181 4110 2271 4151 ex
2297 4108 2500 4151 sensu
2533 4088 2890 4171 spirituali.

654 4179 779 4262 (6.)
843 4178 1047 4263 Quod
1086 4181 1296 4245 homo
1328 4194 1487 4265 post
1520 4184 1946 4247 tentationes
1979 4182 2349 4265 spiritualis
2385 4180 2530 4258 fiat,
2556 4202 2634 4245 ac
2670 4182 2891 4247 intro-

646 4277 935 4341 ducatur
969 4277 1039 4340 in
1076 4276 1459 4353 ecclesiam,
1499 4287 1573 4343 et
1618 4298 1739 4361 per
1775 4278 2138 4343 ecclesiam
2175 4278 2243 4341 in
2285 4276 2573 4351 caelum,
2613 4298 2890 4359 reprae-

646 4382 997 4437 sentatum
1034 4382 1143 4437 est
1185 4392 1305 4455 per
1340 4370 1916 4437 introductionem
1954 4372 2224 4437 illorum
2261 4373 2328 4435 in
2367 4383 2622 4436 terram
2660 4370 2890 4437 Cana·-

644 4485 871 4541 anem,
938 4486 1097 4530 nam
1160 4472 1406 4531 “terra
1471 4465 1798 4533 Canaan”
1857 4466 2288 4548 significabat
2355 4464 2744 4545 ecclesiam,
2818 4478 2887 4531 et

645 4582 914 4646 quoque
972 4560 1279 4641 caelum3
1345 4571 1417 4625 et
1478 4560 1546 4624 id
1606 4560 2028 4645 significatur
2085 4582 2204 4645 per
2264 4560 2448 4645 quod
2511 4560 2884 4643 “Jehovah
