3259 5384
989 669 1150 720 cAP.
1185 668 1338 732 x11.,
1371 667 1578 720 vans.
1611 668 1835 735 4.—-N.
1867 652 2122 738 721[a].
2516 665 2676 732 1979

449 849 637 904 utero
669 838 939 902 habere.
1027 839 1106 902 In
1141 837 1348 902 Libro
1381 837 1618 902 Primo
1656 837 2006 914 Samuelis,

541 973 572 996 ‘⁴
584 969 689 1036 Qui
717 971 929 1034 impulsi
949 979 1076 1021 sunt
1093 973 1255 1021 robur
1273 973 1769 1030 circumcinxerunt,
1788 971 1953 1021 saturi
1978 985 2077 1033 pro
2100 985 2239 1034 pane
2258 967 2510 1020 conducti
2530 979 2671 1028 sunt,

699 1051 762 1085 ac
789 1037 1020 1086 famelici
1043 1046 1336 1093 cessarunt,
1361 1052 1530 1101 usque
1556 1038 1685 1088 dum
1714 1037 1911 1087 sterilis
1935 1037 2141 1100 peperit
2162 1045 2389 1100 septem,
2413 1044 2468 1086 et
2496 1035 2674 1085 multi-

699 1101 868 1167 prolis
887 1101 1124 1152 defecit''
1147 1103 1218 1164 (ii.
1248 1099 1344 1168 [4,]
1373 1103 1453 1164 5);

443 1242 912 1323 propheticum
978 1242 1302 1307 Charmae
1369 1243 1606 1307 matris
1673 1241 2041 1307 Samuelis:
2112 1263 2231 1324 per
2292 1241 2675 1323 “impulsos

445 1335 682 1398 robore
729 1337 1404 1418 circumcingendos”
1451 1336 1926 1418 intelliguntur
1970 1347 2235 1418 genteS,
2284 1336 2463 1416 apud
2508 1357 2674 1418 quas

441 1428 659 1492 sutura
694 1430 1023 1508 ecclesia:
1071 1432 1184 1513 qui
1224 1431 1553 1512 “impulsi
1572 1430 1603 1457 ''
1640 1432 1953 1494 dicuntur
1996 1452 2089 1494 ex
2134 1428 2398 1494 defectu
2437 1432 2673 1512 cogni-

439 1524 699 1586 tionum
737 1525 898 1600 veri,
937 1534 1008 1587 et
1055 1524 1211 1587 inde
1249 1525 1337 1588 ab
1373 1525 1504 1588 illis
1541 1527 1654 1609 qui
1691 1525 1779 1588 ab
1815 1524 2124 1598 ecclesia,
2167 1534 2327 1587 tunc
2371 1523 2670 1606 Judaica,

439 1615 704 1698 rejecti:
755 1619 1053 1681 “robore
1091 1620 1524 1700 circumcingi
1541 1619 1570 1644 '³
1608 1618 1944 1700 significat
1984 1618 2165 1702 quod
2203 1618 2333 1681 illis
2379 1640 2539 1682 vera
2581 1640 2672 1681 ex

438 1708 642 1786 bono,
676 1722 746 1774 et
783 1711 940 1776 inde
973 1714 1320 1793 potentia:
1371 1733 1489 1794 per
1524 1718 1849 1776 “saturos
1882 1733 2004 1794 pro
2036 1733 2208 1794 pane
2241 1710 2674 1786 conductOS,”

439 1816 508 1866 et
554 1826 675 1887 per
713 1804 1118 1869 “famelicos
1163 1807 1277 1888 qui
1323 1806 1737 1882 cessarunt,”
1772 1806 2247 1888 intelliguntur
2292 1806 2386 1868 illi
2431 1807 2542 1889 qui
2587 1807 2675 1869 ab

441 1899 750 1962 Ecclesia
797 1899 1099 1980 Judaica,
1147 1902 1260 1982 qui
1309 1900 1624 1963 “saturi’'
1670 1900 1986 1965 dicuntur
2028 1922 2119 1963 ex
2174 1921 2259 1964 eo
2310 1901 2491 1984 quod
2544 1900 2675 1964 illis

441 2013 598 2055 vera
641 1994 708 2056 in
755 1993 1193 2069 abundantia,
1242 2003 1314 2058 et
1363 1992 1742 2058 “conducti
1790 2015 1912 2076 pro
1956 1994 2177 2077 pane”
2222 2016 2311 2058 ex
2366 2016 2448 2058 eo
2493 1995 2674 2079 quod

441 2107 576 2150 non
621 2088 866 2152 adduci
912 2089 998 2152 ad
1052 2088 1452 2152 discendum
1506 2099 1578 2152 et
1631 2089 1719 2152 ad
1774 2089 2157 2152 faciendum
2201 2089 2318 2152 illa
2369 2100 2671 2170 possent,

443 2183 563 2244 nisi
601 2183 776 2245 sicut
808 2183 1240 2245 mercenarii:
1289 2183 1470 2266 quod
1510 2203 1635 2246 nec
1669 2182 2058 2246 desiderent
2090 2185 2260 2246 scire
2293 2183 2431 2258 illa,
2466 2184 2673 2265 signi-

441 2275 679 2339 ficatur
702 2296 820 2357 per
843 2276 1024 2358 quod
1049 2281 1090 2308 ‘⁸
1114 2274 1402 2340 famelici
1434 2286 1784 2340 cessarunt
1808 2275 1861 2355 ;’'
1892 2277 2133 2340 eadem
2158 2278 2365 2340 etiam
2390 2276 2676 2340 ecclesia

441 2389 558 2451 per
585 2377 626 2403 ⁸⁶
645 2370 1103 2452 multiprolem
1129 2391 1299 2454 quae
1324 2370 1570 2434 defecit
1587 2371 1616 2396 ”
1642 2370 2079 2452 intelligitur:
2128 2380 2200 2435 at
2231 2381 2477 2452 gentes
2501 2391 2673 2454 quae

442 2465 796 2544 agniturae
833 2463 1200 2528 Dominum
1247 2473 1319 2528 et
1363 2474 1759 2546 recepturae
1796 2463 2125 2540 Verbum,
2165 2474 2237 2529 et
2282 2465 2438 2528 inde
2484 2484 2557 2528 se
2602 2465 2670 2527 in

441 2558 798 2622 ecclesiam
829 2559 1211 2638 regenerari
1244 2579 1560 2640 passurae
1599 2569 1779 2634 sunt,
1813 2549 2284 2641 intelliguntur
2319 2579 2439 2640 per
2473 2564 2671 2622 “ste-

441 2650 628 2714 rilem
665 2673 840 2734 quae
879 2653 1093 2734 pariet
1130 2663 1394 2734 septem
1419 2652 1471 2730 ;”
1513 2657 1835 2733 “septem
1853 2651 1883 2678 ‘⁹
1920 2652 2306 2734 significant
2339 2654 2565 2716 omnia
2600 2663 2671 2715 et

441 2745 677 2822 multa,
715 2766 795 2809 ac
842 2746 1318 2828 praedicantur
1363 2746 1448 2809 de
1493 2743 1750 2812 sanctis
1784 2746 2137 2811 ecclesiae.
2224 2748 2435 2829 Apud
2471 2746 2669 2821 Jere-

443 2861 662 2916 mnam,

537 2975 567 2997 ‘⁸
581 2973 942 3034 Elanguescet
969 2988 1104 3036 quae
1133 2983 1411 3036 pepererat
1437 2982 1662 3036 septem,
1689 2973 1981 3038 exspirabit
2006 2973 2245 3024 ammam
2273 2987 2442 3034 suam,
2470 2973 2676 3023 occidet

699 3039 782 3088 sol
807 3039 926 3102 ejus
950 3053 1070 3088 cum
1094 3040 1267 3092 adhuc
1288 3040 1404 3088 dies
1419 3038 1448 3059 ”
1472 3041 1579 3102 (xv.
1599 3038 1682 3102 9):

437 3173 618 3256 quod
643 3172 956 3248 ecclesia,
979 3173 1083 3235 cui
1115 3173 1344 3235 omnia
1374 3192 1532 3235 vera
1559 3181 1715 3235 sunt
1748 3172 1902 3254 quia
1931 3171 1993 3236 ei
2025 3171 2353 3246 Verbum,
2380 3172 2676 3253 peritura

439 3270 527 3332 sit
572 3288 783 3348 usque
831 3277 906 3330 ut
959 3266 1123 3330 nihil
1168 3268 1310 3330 veri
1362 3277 1434 3330 et
1486 3266 1650 3329 nihil
1697 3266 1855 3330 boni
1901 3267 2215 3347 supersit,
2263 3264 2676 3347 significatur

439 3381 556 3444 per
599 3361 718 3424 illa
768 3361 1014 3424 verba:
1078 3381 1197 3443 per
1257 3366 1550 3442 “parere
1603 3369 1870 3441 septem
1888 3359 1920 3386 ’⁹
1970 3359 2387 3441 significatur
2439 3359 2677 3422 donari

439 3456 752 3520 omnibus
805 3455 979 3518 veris
1037 3475 1129 3518 ex
1176 3454 1453 3533 Verbo:
1515 3474 1637 3536 per
1686 3454 2225 3536 “elanguescere
2242 3452 2273 3479 '⁹
2317 3462 2389 3517 et
2438 3455 2675 3516 “occi-

441 3551 598 3614 dere
637 3547 914 3624 solem,”
949 3547 1368 3630 significatur
1405 3549 1784 3611 successive
1821 3557 1891 3612 et
1930 3548 2212 3611 tandem
2250 3567 2520 3629 prorsus
2557 3567 2674 3629 pe-

439 3645 563 3708 rire
589 3665 606 3722 ;
670 3663 790 3725 per
837 3647 878 3676 ‘⁸
897 3644 1244 3724 exspirare
1301 3643 1597 3705 animam
1616 3642 1649 3668 ”
1695 3640 2115 3724 significatur
2173 3643 2387 3723 perire
2453 3641 2676 3724 quoad

440 3739 667 3801 omnia
710 3757 892 3812 vera,
940 3745 1012 3800 et
1066 3756 1184 3818 per
1234 3736 1602 3800 “occidere
1648 3735 1864 3799 solem
1880 3735 1911 3761 ”
1955 3735 2179 3819 quoad
2223 3736 2453 3799 omnia
2498 3735 2679 3798 bona

439 3833 725 3896 amoris:
766 3835 807 3864 “
825 3849 980 3894 cum
1011 3830 1232 3893 adhuc
1253 3830 1398 3893 dies
1414 3829 1445 3854 ”
1470 3828 1808 3910 significat
1839 3829 2000 3892 dum
2028 3828 2251 3893 adhuc
2281 3829 2677 3911 agnoscitur

441 3925 766 3989 Verbum.
852 3925 1062 4006 Apud
1099 3923 1402 4000 Esaiam,

534 4067 884 4130 “Antequam
908 4067 1201 4129 parturivit,
1226 4067 1394 4129 parit;
1428 4075 1718 4130 antequam
1742 4066 1925 4116 veniat
1949 4065 2105 4115 dolor
2128 4066 2219 4124 illi,
2243 4066 2405 4115 enixa
2428 4076 2511 4116 est
2535 4081 2675 4115 mas-

697 4133 874 4182 culum
894 4147 907 4188 ς
941 4133 1060 4196 quis
1076 4133 1282 4182 audivit
1297 4133 1434 4182 sicut
1455 4133 1590 4182 hoc?
1615 4133 1734 4196 quis
1753 4131 1885 4181 vidit
1906 4132 2045 4181 sicut
2065 4132 2202 4182 hoc?
2246 4146 2371 4182 num
2393 4132 2674 4194 parturivit

697 4207 842 4248 terra
860 4198 946 4246 die
973 4199 1121 4248 uno?
1155 4211 1282 4246 num
1309 4198 1657 4260 generabitur
1682 4210 1819 4259 gens
1847 4198 1962 4246 vice
1988 4198 2133 4247 una?
2169 4193 2359 4261 [quod]
2393 4197 2673 4259 parturivit

697 4265 964 4327 etiamque
989 4263 1195 4325 peperit
1217 4261 1351 4312 Zion
1377 4263 1515 4312 filios
1534 4276 1693 4312 suos:
1732 4276 1860 4311 num
1889 4261 2003 4324 Ego
2029 4262 2278 4324 frangam
2301 4273 2357 4312 et
2381 4276 2491 4311 non
2511 4277 2674 4324 gene-

695 4343 810 4378 rem
824 4329 848 4378 ?
880 4329 1050 4390 inquit
1072 4328 1331 4392 Jehovah,
1350 4329 1596 4389 generari
1619 4327 1825 4377 faciens
1847 4336 1903 4376 et
1925 4327 2277 4376 concluserim
2290 4329 2335 4376 ?.
2354 4363 2368 4376 .
2386 4363 2399 4375 .
2419 4328 2674 4388 gaudete

694 4408 818 4444 cum
841 4392 1215 4456 Hierosoyma,
1234 4394 1466 4442 exultate
1487 4393 1543 4442 in
1562 4408 1628 4441 ea
1646 4407 1837 4442 omnes
1852 4401 2097 4441 amantes
2116 4405 2254 4450 eam,
2266 4429 2280 4440 .
2300 4429 2313 4440 .
2332 4427 2345 4440 .
2366 4400 2448 4440 .ut
2466 4392 2673 4454 sugatis

693 4468 752 4510 et
773 4460 1085 4508 saturemini
1107 4473 1178 4508 ex
1201 4461 1364 4507 ubere
1386 4458 1819 4508 consolationum
1843 4458 1963 4521 ejus
1980 4455 2009 4476 ”
2026 4455 2173 4519 (lxvi.
2200 4452 2373 4520 7-1o[,
2402 4451 2539 4520 11]):

441 4592 602 4658 haec
633 4613 904 4676 quoque
934 4591 1020 4656 de
1049 4592 1350 4655 adventu
1382 4591 1679 4668 Domini,
1704 4611 1785 4656 ac
1817 4591 1901 4655 de
1934 4590 2421 4654 instauratione
2447 4590 2667 4654 eccle·
