3259 5384
693 623 858 675 2102
1312 621 1812 676 APOCALYPSIS
1857 625 2307 678 EXPLICATA.

689 813 875 858 mare
928 793 1016 858 de
1066 793 1239 858 falso
1297 804 1369 859 et
1431 793 1633 870 ma10,
1691 815 1771 859 ac
1823 795 2224 860 reformare:
2293 797 2474 880 quod
2529 817 2570 860 a
2628 792 2935 859 Domino'

689 889 959 951 dicatur
994 887 1313 952 “festuca
1346 909 1435 952 ex
1467 889 1671 953 oculo
1701 887 1984 965 fratris,‘’
2007 899 2078 954 et
2115 890 2362 954 “trabs
2395 890 2462 952 in
2495 889 2696 955 oculo
2723 889 2926 971 ejus,”

693 991 800 1046 est
847 992 1127 1064 propter
1160 1001 1433 1046 sensum
1472 983 1897 1064 spiritualem
1943 985 2010 1046 in
2056 983 2340 1066 singulis
2377 1005 2552 1067 quae
2595 983 2928 1047 Dominus

690 1073 959 1139 locutus
989 1086 1138 1153 est;
1185 1095 1345 1140 nam
1376 1076 1636 1159 absque
1671 1097 1756 1140 eo
1794 1097 2018 1152 sensu,
2053 1079 2210 1160 quid
2247 1077 2423 1143 soret
2455 1079 2682 1140 videre
2711 1077 2928 1141 festu-

689 1188 841 1232 cam
898 1171 964 1233 in
1020 1171 1221 1234 oculo
1272 1170 1573 1245 alterius,
1620 1181 1694 1234 et
1752 1191 1890 1234 non
1943 1172 2490 1235 animadvertere
2535 1173 2802 1234 trabem
2861 1173 2926 1233 in

687 1263 891 1328 oculo
936 1264 1104 1328 suo?
1166 1275 1312 1328 turn
1358 1263 1601 1345 ejicere
1648 1266 1914 1329 trabem
1959 1286 2052 1329 ex
2107 1285 2232 1328 suo
2286 1266 2509 1340 ocule,
2558 1277 2926 1348 antequam

688 1359 1019 1424 festucam
1067 1380 1157 1423 ex
1202 1360 1405 1422 oculo
1441 1358 1768 1422 alterius?
1859 1360 1985 1424 Per
2027 1360 2416 1424 “festucam
2434 1361 2464 1384 ”
2495 1361 2678 1424 enim
2717 1360 2927 1441 signi-

688 1451 930 1516 ficatur
974 1453 1155 1516 exile
1198 1453 1442 1516 falsum
1490 1453 1674 1526 mali,
1723 1473 1802 1518 ac
1852 1473 1971 1535 per
2011 1454 2337 1517 “trabem
2354 1453 2386 1478 ”
2433 1473 2760 1534 magnum
2804 1453 2927 1516 sal-

688 1565 837 1609 sum
876 1547 1055 1621 mali,
1090 1567 1169 1610 ac
1208 1566 1329 1630 per
1366 1547 1740 1611 “oculum'’
1773 1545 2190 1630 significatur
2220 1544 2612 1611 intellectus
2649 1556 2724 1610 et
2763 1567 2928 1628 quo—

688 1661 818 1722 que
864 1639 1070 1718 fides;
1125 1641 1307 1724 quod
1354 1662 1473 1724 per
1515 1640 1943 1706 “festucam’'
1984 1651 2056 1704 et
2107 1640 2476 1705 “trabem’'
2514 1639 2932 1722 significetur

688 1735 931 1798 salsum
986 1735 1169 1810 mali,
1218 1745 1323 1800 est
1386 1737 1541 1817 quia
1601 1756 1721 1818 per
1770 1735 2134 1816 “lignum”
2179 1734 2601 1817 significatur
2653 1735 2929 1806 bonum,

691 1847 773 1891 ac
817 1829 976 1891 inde
1021 1849 1139 1912 per
1180 1829 1504 1892 “trabem
1522 1828 1554 1854 ’⁹
1592 1849 1826 1892 verum
1879 1829 2061 1905 boni,
2110 1849 2189 1893 ac
2250 1831 2318 1891 in
2365 1829 2688 1911 opposito
2737 1847 2931 1890 sensu

620 1969 634 1982 .
691 1923 935 1987 salsum
990 1923 1171 1998 mali,
1220 1943 1472 2005 perque
1523 1920 1899 1988 “oculum‘'
1936 1920 2327 1987 intellectus
2380 1933 2450 1986 et
2506 1920 2718 1998 fides;
2781 1922 2932 1984 inde

694 2027 889 2100 patet
914 2018 1072 2100 quid
1106 2038 1225 2100 per
1253 2023 1291 2048 ‘⁶
1310 2017 1539 2080 videre
1564 2016 1896 2080 festucam
1925 2027 1997 2080 et
2029 2016 2359 2091 trabem,”
2382 2037 2462 2080 ac
2489 2036 2610 2098 per
2637 2015 2933 2097 “ejicere

688 2108 843 2173 illas
879 2129 969 2172 ex
1006 2107 1260 2172 oculo”
1296 2108 1742 2190 significatur.
1829 2125 2002 2183 (Quod
2023 2119 2051 2138 ‘⁸
2067 2125 2251 2184 liguum
2269 2124 2296 2140 ··
2319 2123 2554 2182 significet
2581 2125 2785 2176 bonum.
2807 2131 2854 2168 et
2885 2123 2932 2167 in

688 2201 912 2259 opposito
928 2213 1071 2246 sensu
1086 2199 1281 2252 malum.
1300 2200 1518 2244 videatur
1532 2199 1579 2244 in
1596 2199 1810 2245 Arcani-r
1829 2199 2126 2252 Caeles-tvvm.
2141 2212 2189 2244 n.
2205 2199 2312 2258 ⁶43·
2329 2211 2465 2256 3720.
2482 2211 2619 2256 49⁴3·
2636 2201 2776 2256 8354.
2791 2201 2934 2254 8740:

689 2275 737 2313 et
777 2269 911 2325 quod
954 2267 1203 2313 “oculus''
1246 2266 1478 2326 significet
1517 2266 1810 2312 intellectum
1853 2275 1902 2312 et
1941 2280 2136 2325 quoque
2177 2267 2338 2320 fidem,
2381 2280 2428 2312 ιι.
2471 2279 2606 2322 2701.
2649 2278 2934 2324 ⁴4⁰3-4421·

688 2353 981 2400 4523-4534,
1002 2351 1139 2399 9051.
1166 2343 1329 2400 10569.
1352 2341 1445 2396 ibi;
1480 2349 1528 2386 et
1556 2354 1754 2399 quoque
1776 2354 1937 2400 supra,
1965 2355 2013 2388 n.
2041 2341 2138 2406 37.
2177 2340 2292 2406 152
2313 2357 2323 2386 :
2359 2341 2502 2386 etiam
2527 2337 2555 2354 ‘⁸
2573 2343 2704 2386 trabs
2721 2341 2749 2354 '⁸
2771 2341 2934 2397 aliqui-

689 2415 782 2460 bus
794 2415 843 2459 in
858 2413 975 2460 loeis
990 2413 1278 2466 nominatur,
1293 2421 1340 2459 et
1354 2427 1441 2471 per
1456 2414 1584 2458 illam
1602 2413 1894 2472 significatur
1907 2413 2075 2458 falsum
2093 2413 2221 2464 mali.
2239 2421 2291 2458 ut
2313 2413 2473 2459 Genes.
2493 2412 2587 2458 xix.
2606 2415 2660 2466 ὃς
2693 2425 2724 2458 2
2741 2413 2858 2473 Reg.
2879 2412 2934 2456 vi·

694 2503 740 2543 2.
762 2499 807 2547 ⁵.
831 2489 889 2542 6;
925 2488 1113 2535 Haoak.
1135 2488 1183 2535 ii.
1207 2500 1261 2534 11
1280 2502 1291 2542 ;
1327 2489 1460 2534 Cant.
1482 2487 1513 2535 i.
1535 2489 1631 2546 17.)
1716 2471 1929 2554 Apud
1966 2473 2284 2546 eundem,

794 2621 941 2688 “Qui
978 2622 1106 2672 facit
1139 2630 1193 2671 et
1227 2621 1399 2681 docet,
1430 2621 1475 2672 is
1510 2636 1740 2685 magnus
1773 2622 2052 2672 vocabitur
2085 2620 2140 2672 in
2178 2637 2346 2686 regno
2381 2622 2668 2672 caelorum.
2741 2621 2894 2672 Dico.
2915 2659 2928 2671 .

952 2689 1125 2748 vobis,
1149 2689 1253 2737 nisi
1276 2688 1630 2736 abundaverit
1648 2688 1853 2750 justitia
1871 2697 2054 2736 vestra
2071 2702 2233 2750 supra
2251 2688 2553 2737 Scribarum
2577 2697 2632 2736 et
2659 2688 2934 2737 Pharisae-

953 2768 1124 2810 orum,
1150 2767 1259 2802 non
1286 2753 1555 2802 intrabitis
1591 2753 1645 2801 in
1685 2767 1906 2814 regnum
1932 2753 2217 2802 caelorum.
2287 2753 2584 2802 Audivistis
2613 2755 2758 2816 quod
2795 2765 2933 2802 vete-

953 2819 1102 2868 ribus
1131 2815 1333 2868 dietum
1359 2819 1443 2876 sit,
1472 2818 1593 2868 Non
1623 2818 1836 2867 occides
1860 2833 1872 2875 ;
1907 2818 2145 2881 quisquis
2172 2827 2351 2866 autem
2377 2819 2645 2876 occiderit,
2669 2819 2933 2866 obnoxius

952 2884 1056 2932 erit
1079 2883 1275 2946 iudicio
1298 2899 1309 2938 ;
1348 2883 1465 2946 Ego
1484 2896 1613 2932 vero
1637 2882 1758 2932 dico
1779 2883 1946 2942 vobis,
1967 2883 2110 2946 quod
2134 2884 2373 2946 quisquis
2393 2883 2638 2932 irascitur
2659 2883 2812 2932 fratri
2839 2898 2933 2931 suo

953 2959 1171 3008 temere,
1190 2949 1456 2998 obnoxius
1475 2949 1577 2998 erit
1594 2948 1794 3010 judicio
1813 2963 1825 3004 ς
1849 2949 2089 3011 quisquis
2105 2963 2234 2998 vero
2251 2949 2444 2997 dixerit
2462 2949 2614 2997 fratri
2633 2962 2750 3004 suo.
2771 2948 2934 3002 Raka.

954 3015 1220 3063 obnoxius
1243 3015 1344 3062 erit
1368 3014 1621 3076 synedrio
1643 3027 1655 3070 ς
1691 3013 1990 3076 quicunque
2014 3022 2193 3062 autem
2222 3014 2428 3072 dixerit,
2454 3013 2642 3070 Stulte.
2666 3015 2934 3062 obnoxius

954 3081 1056 3129 erit
1072 3081 1354 3142 gehennae
1378 3079 1533 3140 ignis.
1604 3077 1660 3127 Si
1685 3079 1941 3128 obtuleris
1961 3092 2154 3128 manus
2171 3087 2318 3127 tuum
2339 3093 2498 3141 super
2515 3078 2702 3136 altare,
2723 3089 2778 3127 et
2795 3079 2933 3141 apud

954 3147 1057 3195 hoc
1092 3146 1399 3196 recordatus
1434 3144 1599 3194 fueris
1635 3145 1778 3206 quod
1812 3143 1979 3192 frater
2011 3153 2134 3192 tuus
2175 3143 2368 3192 habeat
2408 3144 2608 3207 aliquid
2644 3153 2836 3192 contra
2869 3155 2933 3199 te,

959 3211 1199 3274 relinque
1228 3207 1355 3259 &libi
1384 3224 1575 3258 manus
1603 3223 1784 3257 coram
1813 3209 1986 3268 altari,
2010 3219 2064 3258 et
2091 3208 2194 3267 abi,
2219 3209 2365 3271 prius
2390 3209 2737 3259 reconciliare
2765 3209 2930 3264 fratri.

958 3285 1013 3325 et
1036 3285 1163 3325 tunc
1186 3276 1413 3324 veniens
1438 3273 1575 3323 offer
1598 3287 1794 3323 munus
1824 3282 1974 3323 tuum
1989 3272 2016 3292 '⁹
2040 3272 2109 3335 (v.
2138 3274 2345 3336 19-24):

694 3443 763 3508 in
811 3451 968 3507 toto
1011 3441 1131 3506 illo
1176 3442 1405 3524 capite
1450 3441 1678 3522 agitur
1723 3439 1808 3504 de
1853 3439 1998 3502 vita
2042 3439 2362 3502 interiore
2407 3438 2722 3513 hominiS,
2763 3460 2933 3522 quae

695 3548 802 3603 est
841 3538 983 3618 ejus
1018 3537 1307 3610 animae,
1348 3534 1630 3617 proinde
1663 3533 1804 3614 ejus
1841 3532 2221 3596 voluntatis
2259 3544 2329 3596 et
2367 3532 2524 3596 inde
2558 3535 2930 3614 cogitatio-

698 3634 841 3710 nis;
890 3633 986 3695 ita
1018 3631 1103 3694 de
1128 3631 1270 3694 vita
1302 3629 1682 3702 charitatis,
1709 3648 1882 3710 quae
1915 3638 2021 3691 est
2047 3628 2190 3690 vita
2216 3625 2583 3708 spiritualis
2617 3629 2932 3704 moralis;

696 3746 899 3809 quam
943 3726 1158 3788 vitam
1212 3723 1326 3786 filii
1385 3722 1623 3804 Jacobi
1671 3723 1856 3804 prius
1897 3723 2319 3803 ignorarunt,
2367 3742 2458 3784 ex
2504 3741 2731 3796 causa,
2781 3724 2935 3806 quia

696 3819 969 3882 externi
1021 3816 1333 3880 homines
1387 3836 1597 3898 usque
1659 3837 1700 3878 a
1760 3815 2065 3898 patribus
2125 3835 2356 3878 eorum
2411 3815 2715 3879 suerunt:
2781 3817 2935 3880 ideo

697 3913 907 3976 etiam
946 3911 1361 3974 tenebantur
1409 3912 1636 3974 vivere
1682 3911 1750 3973 in
1795 3909 1983 3973 cultu
2021 3919 2338 3983 extern0,
2377 3911 2751 3972 secundum
2791 3922 2934 3974 sta-

698 4014 874 4080 tuta,
923 4025 1096 4088 quae
1152 4013 1349 4069 erant
1404 4013 1697 4068 externa
1750 4005 2337 4085 repraesentantia
2389 4005 2658 4066 interna
2709 4003 2934 4068 cultus

696 4109 768 4164 et
810 4099 1159 4163 ecclesiae.
1248 4097 1350 4162 At
1400 4099 1733 4162 Dominus
1777 4099 1848 4161 in
1884 4097 2014 4161 hoc
2055 4098 2280 4179 capite
2319 4096 2523 4160 docet
2571 4097 2752 4180 quod
2801 4117 2934 4161 non

697 4192 922 4256 solum
978 4213 1096 4274 per
1147 4189 1327 4257 sacta
1371 4203 1663 4256 externa
1709 4192 2288 4274 repraesentanda
2333 4201 2564 4254 essent
2614 4192 2936 4256 interiora

698 4287 1050 4361 ecclesiae,
1091 4287 1209 4350 sed
1249 4289 1458 4350 etiam
1496 4286 1678 4369 quod
1717 4288 1944 4350 anima
1980 4295 2050 4349 et
2090 4285 2297 4348 corde
2333 4285 2627 4348 amanda
2664 4294 2734 4349 et
2774 4285 2933 4349 saci-

698 4382 916 4459 enda;
970 4402 1176 4464 quare
1221 4381 1333 4464 qui
1378 4402 1469 4444 ex
1514 4381 1835 4444 interiore
1872 4381 2016 4442 vita
2061 4390 2353 4442 externa
2397 4377 2729 4442 ecclesiae
2775 4379 2933 4443 facit

698 4487 770 4542 et
830 4477 1038 4540 docet
1083 4476 1265 4559 quod
1310 4475 1712 4549 salvaretur,
1761 4473 2181 4556 significatur
2235 4491 2354 4554 per
2403 4470 2594 4554 “Qui
2647 4472 2810 4536 facit
2867 4483 2934 4536 et

698 4572 925 4647 docet,
975 4589 1262 4654 magnus
1308 4568 1664 4633 vocabitur
1715 4569 1783 4632 in
1837 4587 2050 4650 regno
2096 4565 2439 4630 caelorum
2465 4565 2518 4628 :’'
2571 4565 2754 4650 quod
2810 4565 2931 4630 nisi
