3259 5384
660 674 832 740 2014
1284 672 1784 725 APOCALYPSIS
1829 674 2279 727 EXPLICATA.

654 852 1112 917 removentur,
1154 852 1425 907 tantum
1471 842 1681 906 homo
1725 844 1791 907 in
1839 845 2221 925 potentiam
2267 844 2653 927 angelicam
2692 846 2910 920 venit,

653 944 729 998 et
754 954 1026 1017 quoque
1057 937 1125 997 in
1156 935 1724 1017 intelligentiam,
1752 944 1825 998 et
1856 935 1932 999 fit
1958 943 1998 969 ‘⁴
2017 934 2194 999 filius
2224 936 2482 1019 regni.”
2565 954 2668 1013 (De
2691 954 2916 1001 Potentia

654 1030 973 1088 Angelorum,
996 1030 1215 1076 videatur
1239 1030 1291 1076 in
1319 1044 1466 1089 opere
1496 1032 1573 1077 De
1598 1031 1736 1077 Caelo
1755 1037 1803 1077 et
1823 1032 2031 1093 quemo.
2053 1045 2102 1079 n.
2123 1035 2367 1091 aaa-2333
2401 1040 2452 1079 et
2479 1033 2558 1079 De
2587 1033 2918 1093 Intelligentia

654 1117 705 1155 et
731 1110 977 1168 Sapientia
1002 1110 1211 1165 illorum,
1242 1122 1290 1157 n.
1312 1111 1564 1169 2⁶5⁴275·)

786 1192 934 1277 (vi.)
1004 1194 1197 1273 Quod
1226 1216 1389 1259 vera
1430 1194 1773 1259 naturalis
1809 1195 2099 1260 hominis
2136 1196 2317 1260 nihil
2335 1197 2674 1278 potentiae
2705 1196 2912 1261 habe-

656 1299 778 1353 ant
833 1289 1081 1371 absque
1134 1288 1250 1353 illo
1300 1288 1577 1373 influxu,
1627 1291 1933 1372 sequitur
1987 1300 2058 1353 ut
2113 1310 2540 1375 consequens
2593 1312 2684 1355 ex
2742 1313 2913 1356 mox

658 1380 892 1447 dictis:
942 1404 1103 1446 vera
1148 1383 1477 1448 naturalis
1523 1384 1815 1447 hominis
1862 1384 2118 1467 absque
2165 1385 2423 1448 influxu
2471 1406 2591 1468 per
2633 1388 2914 1469 spiritu-

659 1475 837 1540 alem
900 1478 1266 1553 hominem,
1316 1478 1479 1540 nihil
1540 1476 1815 1540 Domini
1872 1478 1940 1541 in
1988 1497 2060 1541 se
2107 1476 2388 1553 habent,
2437 1479 2594 1543 inde
2640 1500 2916 1562 quoque

660 1571 822 1634 nihil
883 1574 1105 1649 vitae;
1176 1582 1247 1635 et
1306 1592 1466 1635 vera
1524 1572 1780 1655 absque
1841 1573 1983 1635 vita
2044 1591 2181 1636 non
2239 1584 2400 1635 sunt
2460 1592 2641 1648 vera,
2699 1576 2915 1638 immo

660 1664 939 1729 interius
976 1664 1287 1748 spectata
1324 1676 1480 1730 sunt
1520 1666 1728 1743 salsa;
1777 1686 1856 1729 ac
1904 1666 2086 1731 salsis
2125 1686 2398 1748 prorsus
2446 1666 2612 1729 nihil
2661 1679 2912 1749 poten-

660 1760 797 1823 tiae
843 1770 970 1836 est,
1012 1762 1167 1842 quia
1212 1760 1526 1842 opposita
1571 1770 1730 1823 sunt
1778 1760 1973 1834 veris,
2011 1760 2264 1843 quibus
2309 1762 2530 1825 omnis
2575 1763 2913 1841 potentia.

664 1852 856 1917 Haec
919 1873 1093 1917 nunc
1153 1854 1363 1917 allata
1422 1864 1601 1927 sunt,
1663 1863 1737 1917 ut
1796 1854 2047 1917 sciatur
2106 1854 2265 1937 quid
2323 1853 2730 1937 intelligitur
2791 1875 2915 1936 per

663 1949 1043 2029 potentiam
1076 1948 1213 2011 veri
1252 1947 1577 2011 naturalis
1613 1968 1704 2011 ex
1745 1947 2096 2029 spirituali,
2130 1969 2302 2031 quae
2337 1948 2761 2030 significatur
2793 1969 2917 2031 per

666 2043 990 2124 “virgam
1044 2040 1387 2116 ferream,”
1422 2062 1557 2125 qua
1611 2040 1785 2103 filius
1841 2042 2180 2106 masculus
2233 2063 2324 2105 ex
2379 2044 2660 2107 muliere
2708 2054 2914 2107 natus

668 2142 963 2200 “omnes
1001 2146 1249 2217 gentes
1287 2146 1601 2217 pasturus
1639 2134 1804 2200 est.''

781 2241 1087 2325 727[a].
1144 2241 1349 2323 Quod
1378 2243 1632 2323 “virga
1649 2240 1682 2266 ”
1712 2252 1786 2306 et
1813 2242 2159 2306 “baculus
2176 2241 2208 2267 '¹
2231 2242 2623 2324 significent
2657 2253 2912 2325 poten-

664 2336 851 2410 tiam,
887 2347 955 2398 et
988 2336 1259 2417 quidem
1294 2336 1676 2416 potentiam
1709 2334 1936 2398 Divini
1969 2332 2155 2409 Veri,
2191 2346 2300 2399 est
2333 2336 2692 2417 praecipue
2725 2336 2910 2411 inde,

663 2431 821 2513 quia
852 2432 1161 2493 termites
1193 2439 1309 2493 aut
1348 2430 1515 2491 rami
1551 2450 1646 2492 ex
1681 2429 2032 2493 arboribus
2068 2440 2284 2505 erant,
2321 2441 2392 2493 et
2431 2428 2528 2492 illi
2565 2428 2912 2511 significa-

662 2526 832 2588 bant
887 2526 1315 2605 cognitiones
1366 2524 1507 2586 veri
1558 2533 1630 2587 et
1690 2523 1872 2599 boni,
1930 2544 2100 2607 quae
2157 2532 2316 2587 sunt
2370 2544 2530 2587 vera
2584 2523 2915 2588 naturalis

664 2619 955 2681 hominis
980 2640 995 2697 ;
1044 2628 1114 2682 et
1153 2619 1306 2700 quia
1350 2618 1558 2681 etiam
1604 2616 2078 2681 suffulciebant
2123 2637 2388 2699 corpuS,
2429 2617 2913 2700 significabant

664 2714 1086 2795 potentiam:
1135 2724 1207 2775 et
1246 2711 1465 2775 adhuc
1514 2712 1731 2792 magis
1772 2713 2021 2793 “virga
2065 2710 2334 2788 ferrea,”
2370 2713 2528 2794 quia
2565 2712 2917 2775 “serrum”

664 2808 970 2871 similiter
1015 2806 1349 2889 significat
1397 2825 1629 2869 verum
1677 2806 2002 2870 naturalis
2050 2806 2362 2881 hominiS,
2411 2817 2482 2871 et
2527 2826 2619 2869 ex
2667 2807 2914 2873 duritie

666 2902 1071 2983 potentiam,
1107 2902 1211 2964 cui
1244 2919 1382 2963 non
1413 2901 1633 2963 resisti
1675 2910 1925 2981 potest.
2016 2898 2222 2981 Quod
2257 2900 2548 2981 “virgae
2563 2900 2594 2925 ’⁸
2623 2910 2696 2965 et
2731 2901 2912 2965 “ba-

666 2996 845 3061 culi''
892 2996 1048 3059 inde
1099 2996 1376 3060 trahant
1426 2992 1995 3076 significationem
2043 2996 2394 3076 potentiae
2447 2994 2673 3059 Divini
2724 2995 2912 3073 Veri,

664 3100 772 3154 est
797 3111 886 3153 ex
914 3089 1554 3171 correspondentia3
1594 3109 1686 3151 ex
1712 3109 1796 3152 eo
1821 3100 1926 3152 est
1953 3109 2109 3151 usus
2141 3088 2536 3152 baculorum
2563 3091 2628 3151 in
2657 3090 2916 3155 mundo

666 3184 1016 3265 spirituali,
1084 3182 1227 3266 (ubi
1293 3184 1542 3258 omnia,
1607 3202 1780 3264 quae
1847 3192 2202 3263 apparent,
2266 3184 2915 3264 correspondentiae

666 3278 883 3363 sunt.)
923 3278 1539 3360 repraesentativus
1576 3276 1847 3340 illorum
1884 3278 2275 3357 potentiae3
2321 3278 2632 3341 similiter
2667 3278 2734 3342 in
2775 3278 2914 3342 Ec·

666 3374 873 3438 clesia
902 3372 1206 3455 Judaica,
1238 3392 1432 3456 quae,
1466 3373 1641 3435 sicut
1675 3370 2023 3454 Antiquae
2061 3370 2435 3447 Ecclesiae,
2469 3370 2590 3435 fuit
2622 3373 2916 3437 ecclesia

667 3469 1289 3551 repraesentativa3
1338 3466 1495 3531 inde
1540 3478 1670 3542 est,
1712 3466 1892 3549 quod
1941 3466 2263 3529 miracula
2307 3476 2380 3530 et
2425 3468 2622 3548 signa
2659 3469 2727 3530 in
2766 3466 2915 3531 Ae-

667 3573 889 3646 gypto
928 3574 1001 3627 et
1038 3564 1193 3626 dein
1238 3564 1307 3625 in
1346 3562 1644 3636 deserte,
1683 3582 1724 3624 a
1771 3560 1966 3625 Mose
2011 3580 2132 3642 per
2168 3562 2647 3625 extensionem
2689 3560 2916 3626 baculi

666 3656 845 3723 facta
878 3660 1051 3722 sint:
1104 3668 1178 3722 ut

832 3802 939 3852 uod
958 3816 1129 3865 aquae
1150 3814 1435 3863 percussae
1452 3800 1644 3849 baculo
1662 3812 1851 3849 versae
1869 3800 1982 3849 sint
1999 3800 2054 3848 in
2075 3801 2396 3862 sanguinem
2415 3798 2602 3862 (Ea-od.
2621 3800 2712 3851 vii.
2737 3800 2916 3863 1-21);

780 3802 942 3933 guod
968 3882 1035 3915 ex
1060 3866 1368 3915 fluminibus
1394 3876 1447 3914 et
1474 3866 1700 3926 stagniS,
1721 3878 1885 3927 super
1909 3879 2043 3928 quae
2071 3876 2328 3914 extensus
2357 3876 2442 3916 est
2468 3866 2705 3927 baculus,
2729 3880 2918 3915 ascen-

931 3932 1108 3981 derint
1133 3946 1295 3979 ranae
1318 3930 1506 3991 (Exod.
1532 3931 1641 3979 viii.
1672 3942 1714 3989 1,
1739 3932 1870 3993 seq.)
1892 3944 1905 3987 ;

834 3998 941 4047 uod
965 4012 1033 4045 ex
1058 3997 1277 4059 pulvere
1302 4010 1557 4059 percusso
1582 3995 1773 4044 baculo
1791 3993 1919 4044 faeti
1939 3994 2050 4044 sint
2073 3995 2302 4058 pediculi
2321 3996 2508 4059 (Exod.
2525 3997 2632 4045 viii.
2655 4008 2732 4055 12,
2752 3994 2916 4060 κρῆς

780 3998 941 4129 guod
964 4074 1190 4112 extenso
1216 4061 1407 4111 baculo
1430 4062 1499 4111 ad
1522 4062 1730 4111 caelum
1755 4058 1899 4111 iacta
1925 4061 2036 4115 sint
2066 4062 2304 4111 tonitrua
2319 4072 2374 4112 et
2395 4062 2604 4125 grando
2631 4062 2822 4123 (Exod.
2845 4062 2916 4113 ix.

933 4140 1012 4188 23,
1038 4129 1169 4190 seq.)
1190 4141 1201 4183 z

870 4194 942 4243 od
968 4192 1261 4256 prodierint
1282 4192 1522 4241 locustae
1544 4192 1735 4251 (Exod.
1763 4206 1814 4241 x.
1843 4204 1920 4251 12,
1944 4190 2108 4255 seq.);

835 4260 941 4309 uod
985 4258 1139 4311 Mare
1180 4258 1343 4320 Suph,
1378 4266 1605 4306 extenso
1646 4258 1838 4307 baculo
1871 4272 2034 4321 super
2067 4254 2214 4317 illud,
2249 4257 2482 4307 divisum
2517 4258 2603 4317 sit,
2637 4266 2695 4307 et
2727 4266 2920 4322 postea

908 4338 1207 4375 ·reversum
1232 4322 1421 4383 (Ex-od.
1446 4322 1551 4372 xiv.
1582 4323 1658 4380 16,
1685 4334 1762 4383 21,
1789 4322 1902 4383 26);

782 4390 943 4455 Quod
966 4404 1033 4438 ex
1059 4401 1211 4451 petra
1234 4388 1288 4437 in
1316 4387 1565 4437 Chorebo
1593 4387 1784 4513 1321:qu
1814 4402 2070 4453 percussa
2089 4388 2357 4437 exiverint
2379 4402 2550 4453 aquae
2577 4386 2768 4449 (Exod.
2792 4388 2916 4438 xvii.

940 4467 983 4516 5,
1008 4469 1141 4517 seq.;
1176 4456 1343 4503 Num.
1369 4467 1457 4502 xx.
1484 4464 1611 4514 7-13
1651 4468 1663 4511 ;

781 4521 941 4586 Quod
988 4520 1224 4585 Joschua
1271 4518 1625 4581 praevaluerit
1675 4529 1867 4569 contra
1911 4518 2232 4569 Amalekum
2285 4533 2406 4568 cum
2461 4516 2650 4568 Moses
2701 4520 2918 4569 sustulit

934 4600 1152 4635 manum
1178 4599 1298 4633 cum
1326 4584 1531 4643 baculo,
1552 4594 1606 4633 et
1624 4580 1768 4647 qu'od
1793 4585 2149 4647 praevaluerit
2170 4584 2399 4633 Amalek
2417 4598 2538 4633 cum
2562 4582 2747 4635 Moses
2765 4585 2919 4635 dimi·

933 4651 1004 4703 eit
1026 4665 1147 4701 eam
1170 4650 1358 4713 (Exod.
1382 4649 1507 4701 xvii.
1532 4654 1715 4716 9-12);
