<?xml version="1.0" encoding="UTF-8"?>
<!DOCTYPE html PUBLIC "-//W3C//DTD XHTML 1.0 Transitional//EN"
    "http://www.w3.org/TR/xhtml1/DTD/xhtml1-transitional.dtd">
<html xmlns="http://www.w3.org/1999/xhtml" xml:lang="en" lang="en">
 <head>
  <title>
</title>
<meta http-equiv="Content-Type" content="text/html;charset=utf-8" />
  <meta name='ocr-system' content='tesseract 3.04.00' />
  <meta name='ocr-capabilities' content='ocr_page ocr_carea ocr_par ocr_line ocrx_word'/>
</head>
<body>
  <div class='ocr_page' id='page_1' title='image "./apocalypsisexpl00unkngoog_0491.png"; bbox 0 0 3259 5384; ppageno 0'>
   <div class='ocr_carea' id='block_1_1' title="bbox 996 695 2641 780">
    <p class='ocr_par' dir='ltr' id='par_1_1' title="bbox 996 695 2641 780">
     <span class='ocr_line' id='line_1_1' title="bbox 996 695 2641 780; baseline 0.004 -23"><span class='ocrx_word' id='word_1_1' title='bbox 996 707 1158 766; x_wconf 74' lang='lat' dir='ltr'>CAP.</span> <span class='ocrx_word' id='word_1_2' title='bbox 1194 708 1371 772; x_wconf 72' lang='lat' dir='ltr'>xm,</span> <span class='ocrx_word' id='word_1_3' title='bbox 1405 709 1613 761; x_wconf 77' lang='lat' dir='ltr'>VERs.</span> <span class='ocrx_word' id='word_1_4' title='bbox 1647 709 1872 777; x_wconf 77' lang='grc' dir='ltr'><strong>4.-Ν,</strong></span> <span class='ocrx_word' id='word_1_5' title='bbox 1907 695 2048 780; x_wconf 80' lang='lat'><strong>865.</strong></span> <span class='ocrx_word' id='word_1_6' title='bbox 2473 711 2641 780; x_wconf 84' lang='lat'>2393</span> 
     </span>
    </p>
   </div>
   <div class='ocr_carea' id='block_1_2' title="bbox 372 875 2658 4728">
    <p class='ocr_par' dir='ltr' id='par_1_2' title="bbox 402 875 2646 2185">
     <span class='ocr_line' id='line_1_2' title="bbox 410 875 2642 962; baseline 0.001 -23"><span class='ocrx_word' id='word_1_7' title='bbox 410 886 531 950; x_wconf 87' lang='lat' dir='ltr'>est,</span> <span class='ocrx_word' id='word_1_8' title='bbox 582 875 741 962; x_wconf 88' lang='lat' dir='ltr'>quia</span> <span class='ocrx_word' id='word_1_9' title='bbox 784 877 1059 954; x_wconf 87' lang='lat' dir='ltr'>malum,</span> <span class='ocrx_word' id='word_1_10' title='bbox 1106 879 1289 961; x_wconf 89' lang='lat' dir='ltr'>quod</span> <span class='ocrx_word' id='word_1_11' title='bbox 1342 878 1599 944; x_wconf 86' lang='lat' dir='ltr'>homini</span> <span class='ocrx_word' id='word_1_12' title='bbox 1644 900 1733 944; x_wconf 84' lang='lat' dir='ltr'>ex</span> <span class='ocrx_word' id='word_1_13' title='bbox 1779 879 2188 944; x_wconf 87' lang='lat' dir='ltr'>hereditario</span> <span class='ocrx_word' id='word_1_14' title='bbox 2232 880 2432 954; x_wconf 89' lang='lat' dir='ltr'>inest,</span> <span class='ocrx_word' id='word_1_15' title='bbox 2480 878 2642 943; x_wconf 89' lang='lat' dir='ltr'>facit</span> 
     </span>
     <span class='ocr_line' id='line_1_3' title="bbox 410 970 2642 1056; baseline 0.003 -24"><span class='ocrx_word' id='word_1_16' title='bbox 410 971 619 1036; x_wconf 90' lang='lat' dir='ltr'>vitam</span> <span class='ocrx_word' id='word_1_17' title='bbox 656 970 819 1052; x_wconf 78' lang='lat' dir='ltr'>ejuS,</span> <span class='ocrx_word' id='word_1_18' title='bbox 859 973 1014 1054; x_wconf 89' lang='lat' dir='ltr'>quia</span> <span class='ocrx_word' id='word_1_19' title='bbox 1048 973 1116 1036; x_wconf 93' lang='lat' dir='ltr'>id</span> <span class='ocrx_word' id='word_1_20' title='bbox 1154 982 1261 1037; x_wconf 88' lang='lat' dir='ltr'>est</span> <span class='ocrx_word' id='word_1_21' title='bbox 1302 971 1443 1055; x_wconf 87' lang='lat' dir='ltr'>ejus</span> <span class='ocrx_word' id='word_1_22' title='bbox 1488 975 1868 1055; x_wconf 88' lang='lat' dir='ltr'>proprium;</span> <span class='ocrx_word' id='word_1_23' title='bbox 1923 984 1994 1038; x_wconf 91' lang='lat' dir='ltr'>et</span> <span class='ocrx_word' id='word_1_24' title='bbox 2029 975 2238 1038; x_wconf 90' lang='lat' dir='ltr'>homo</span> <span class='ocrx_word' id='word_1_25' title='bbox 2276 983 2642 1056; x_wconf 87' lang='lat' dir='ltr'><strong>antequam</strong></span> 
     </span>
     <span class='ocr_line' id='line_1_4' title="bbox 409 1064 2646 1144; baseline 0.001 -17"><span class='ocrx_word' id='word_1_26' title='bbox 409 1064 521 1128; x_wconf 87' lang='lat' dir='ltr'>illa</span> <span class='ocrx_word' id='word_1_27' title='bbox 564 1076 830 1130; x_wconf 88' lang='lat' dir='ltr'>remota</span> <span class='ocrx_word' id='word_1_28' title='bbox 875 1077 1055 1142; x_wconf 88' lang='lat' dir='ltr'>sunt,</span> <span class='ocrx_word' id='word_1_29' title='bbox 1104 1088 1195 1130; x_wconf 88' lang='lat' dir='ltr'>ex</span> <span class='ocrx_word' id='word_1_30' title='bbox 1255 1066 1388 1131; x_wconf 89' lang='lat' dir='ltr'>illis</span> <span class='ocrx_word' id='word_1_31' title='bbox 1448 1069 1676 1132; x_wconf 90' lang='lat' dir='ltr'>omnia</span> <span class='ocrx_word' id='word_1_32' title='bbox 1727 1068 1908 1144; x_wconf 90' lang='lat' dir='ltr'>facit,</span> <span class='ocrx_word' id='word_1_33' title='bbox 1957 1069 2056 1132; x_wconf 91' lang='lat' dir='ltr'>ita</span> <span class='ocrx_word' id='word_1_34' title='bbox 2099 1089 2188 1132; x_wconf 86' lang='lat' dir='ltr'>ex</span> <span class='ocrx_word' id='word_1_35' title='bbox 2235 1089 2326 1132; x_wconf 88' lang='lat' dir='ltr'>se.</span> <span class='ocrx_word' id='word_1_36' title='bbox 2417 1067 2646 1131; x_wconf 84' lang='lat' dir='ltr'>Aliter</span> 
     </span>
     <span class='ocr_line' id='line_1_5' title="bbox 406 1159 2644 1243; baseline 0.002 -23"><span class='ocrx_word' id='word_1_37' title='bbox 406 1178 587 1234; x_wconf 87' lang='lat' dir='ltr'>vero,</span> <span class='ocrx_word' id='word_1_38' title='bbox 634 1160 907 1240; x_wconf 89' lang='lat' dir='ltr'>quando</span> <span class='ocrx_word' id='word_1_39' title='bbox 960 1159 1139 1224; x_wconf 89' lang='lat' dir='ltr'>mala</span> <span class='ocrx_word' id='word_1_40' title='bbox 1191 1171 1459 1226; x_wconf 87' lang='lat' dir='ltr'>remota</span> <span class='ocrx_word' id='word_1_41' title='bbox 1510 1171 1691 1236; x_wconf 87' lang='lat' dir='ltr'>sunt,</span> <span class='ocrx_word' id='word_1_42' title='bbox 1739 1161 1921 1243; x_wconf 92' lang='lat' dir='ltr'>quod</span> <span class='ocrx_word' id='word_1_43' title='bbox 1976 1159 2050 1224; x_wconf 85' lang='lat' dir='ltr'>fit</span> <span class='ocrx_word' id='word_1_44' title='bbox 2105 1161 2265 1224; x_wconf 89' lang='lat' dir='ltr'>dum</span> <span class='ocrx_word' id='word_1_45' title='bbox 2311 1161 2480 1242; x_wconf 89' lang='lat' dir='ltr'>fugit</span> <span class='ocrx_word' id='word_1_46' title='bbox 2527 1161 2644 1224; x_wconf 91' lang='lat' dir='ltr'>illa</span> 
     </span>
     <span class='ocr_line' id='line_1_6' title="bbox 406 1252 2643 1334; baseline 0.002 -20"><span class='ocrx_word' id='word_1_47' title='bbox 406 1253 559 1334; x_wconf 89' lang='lat' dir='ltr'>quia</span> <span class='ocrx_word' id='word_1_48' title='bbox 603 1252 954 1317; x_wconf 83' lang='lat' dir='ltr'>infernalia</span> <span class='ocrx_word' id='word_1_49' title='bbox 1010 1265 1169 1318; x_wconf 89' lang='lat' dir='ltr'>sunt</span> <span class='ocrx_word' id='word_1_50' title='bbox 1196 1275 1214 1334; x_wconf 90' lang='lat'>;</span> <span class='ocrx_word' id='word_1_51' title='bbox 1275 1265 1435 1319; x_wconf 92' lang='lat' dir='ltr'>tunc</span> <span class='ocrx_word' id='word_1_52' title='bbox 1495 1256 1706 1319; x_wconf 86' lang='lat' dir='ltr'>intrat</span> <span class='ocrx_word' id='word_1_53' title='bbox 1767 1254 2100 1318; x_wconf 86' lang='lat' dir='ltr'>Dominus</span> <span class='ocrx_word' id='word_1_54' title='bbox 2154 1274 2306 1317; x_wconf 88' lang='lat' dir='ltr'>cum</span> <span class='ocrx_word' id='word_1_55' title='bbox 2353 1257 2527 1318; x_wconf 84' lang='lat' dir='ltr'>veris</span> <span class='ocrx_word' id='word_1_56' title='bbox 2571 1267 2643 1319; x_wconf 90' lang='lat' dir='ltr'>et</span> 
     </span>
     <span class='ocr_line' id='line_1_7' title="bbox 406 1346 2646 1432; baseline 0.001 -22"><span class='ocrx_word' id='word_1_57' title='bbox 406 1346 601 1410; x_wconf 88' lang='lat' dir='ltr'>bonis</span> <span class='ocrx_word' id='word_1_58' title='bbox 660 1367 697 1410; x_wconf 91' lang='lat' dir='ltr'>e</span> <span class='ocrx_word' id='word_1_59' title='bbox 756 1347 971 1424; x_wconf 80' lang='lat' dir='ltr'>caele,</span> <span class='ocrx_word' id='word_1_60' title='bbox 1019 1368 1097 1412; x_wconf 91' lang='lat' dir='ltr'>ac</span> <span class='ocrx_word' id='word_1_61' title='bbox 1152 1349 1338 1412; x_wconf 91' lang='lat' dir='ltr'>ducit</span> <span class='ocrx_word' id='word_1_62' title='bbox 1390 1348 1599 1413; x_wconf 90' lang='lat' dir='ltr'>illum.</span> <span class='ocrx_word' id='word_1_63' title='bbox 1689 1349 2008 1412; x_wconf 88' lang='lat' dir='ltr'>Primaria</span> <span class='ocrx_word' id='word_1_64' title='bbox 2059 1369 2264 1412; x_wconf 90' lang='lat' dir='ltr'>causa</span> <span class='ocrx_word' id='word_1_65' title='bbox 2313 1358 2442 1424; x_wconf 91' lang='lat' dir='ltr'>est,</span> <span class='ocrx_word' id='word_1_66' title='bbox 2490 1351 2646 1432; x_wconf 91' lang='lat' dir='ltr'>quia</span> 
     </span>
     <span class='ocr_line' id='line_1_8' title="bbox 408 1441 2644 1524; baseline 0.002 -23"><span class='ocrx_word' id='word_1_67' title='bbox 408 1441 856 1524; x_wconf 90' lang='lat' dir='ltr'>unusquisque</span> <span class='ocrx_word' id='word_1_68' title='bbox 888 1441 1095 1507; x_wconf 89' lang='lat' dir='ltr'>homo</span> <span class='ocrx_word' id='word_1_69' title='bbox 1126 1453 1232 1507; x_wconf 90' lang='lat' dir='ltr'>est</span> <span class='ocrx_word' id='word_1_70' title='bbox 1263 1463 1421 1506; x_wconf 88' lang='lat' dir='ltr'>suus</span> <span class='ocrx_word' id='word_1_71' title='bbox 1452 1463 1681 1522; x_wconf 79' lang='lat' dir='ltr'>amor3</span> <span class='ocrx_word' id='word_1_72' title='bbox 1729 1452 1799 1506; x_wconf 92' lang='lat' dir='ltr'>et</span> <span class='ocrx_word' id='word_1_73' title='bbox 1836 1443 2043 1506; x_wconf 91' lang='lat' dir='ltr'>homo</span> <span class='ocrx_word' id='word_1_74' title='bbox 2074 1442 2297 1524; x_wconf 90' lang='lat' dir='ltr'>quoad</span> <span class='ocrx_word' id='word_1_75' title='bbox 2334 1443 2644 1524; x_wconf 89' lang='lat' dir='ltr'>spiritum</span> 
     </span>
     <span class='ocr_line' id='line_1_9' title="bbox 406 1535 2644 1618; baseline 0.002 -22"><span class='ocrx_word' id='word_1_76' title='bbox 406 1553 619 1610; x_wconf 86' lang='lat' dir='ltr'>suum,</span> <span class='ocrx_word' id='word_1_77' title='bbox 652 1536 781 1617; x_wconf 88' lang='lat' dir='ltr'>qui</span> <span class='ocrx_word' id='word_1_78' title='bbox 824 1535 991 1600; x_wconf 87' lang='lat' dir='ltr'>vivit</span> <span class='ocrx_word' id='word_1_79' title='bbox 1038 1547 1195 1617; x_wconf 89' lang='lat' dir='ltr'>post</span> <span class='ocrx_word' id='word_1_80' title='bbox 1248 1546 1561 1612; x_wconf 88' lang='lat' dir='ltr'>mortem,</span> <span class='ocrx_word' id='word_1_81' title='bbox 1610 1557 1748 1600; x_wconf 91' lang='lat' dir='ltr'>non</span> <span class='ocrx_word' id='word_1_82' title='bbox 1801 1546 1907 1600; x_wconf 91' lang='lat' dir='ltr'>est</span> <span class='ocrx_word' id='word_1_83' title='bbox 1954 1537 2078 1600; x_wconf 89' lang='lat' dir='ltr'>nisi</span> <span class='ocrx_word' id='word_1_84' title='bbox 2123 1556 2323 1618; x_wconf 91' lang='lat' dir='ltr'>quam</span> <span class='ocrx_word' id='word_1_85' title='bbox 2379 1535 2644 1600; x_wconf 67' lang='lat' dir='ltr'>affectio</span> 
     </span>
     <span class='ocr_line' id='line_1_10' title="bbox 405 1629 2639 1712; baseline 0.001 -20"><span class='ocrx_word' id='word_1_86' title='bbox 405 1647 575 1710; x_wconf 87' lang='lat' dir='ltr'>quae</span> <span class='ocrx_word' id='word_1_87' title='bbox 614 1637 721 1692; x_wconf 90' lang='lat' dir='ltr'>est</span> <span class='ocrx_word' id='word_1_88' title='bbox 756 1631 1005 1694; x_wconf 89' lang='lat' dir='ltr'>amoris</span> <span class='ocrx_word' id='word_1_89' title='bbox 1050 1629 1211 1712; x_wconf 79' lang='lat' dir='ltr'>ejuS,</span> <span class='ocrx_word' id='word_1_90' title='bbox 1252 1641 1323 1695; x_wconf 90' lang='lat' dir='ltr'>et</span> <span class='ocrx_word' id='word_1_91' title='bbox 1367 1650 1569 1694; x_wconf 89' lang='lat' dir='ltr'>omne</span> <span class='ocrx_word' id='word_1_92' title='bbox 1616 1630 1870 1694; x_wconf 89' lang='lat' dir='ltr'>malum</span> <span class='ocrx_word' id='word_1_93' title='bbox 1917 1641 2023 1693; x_wconf 89' lang='lat' dir='ltr'>est</span> <span class='ocrx_word' id='word_1_94' title='bbox 2067 1651 2156 1692; x_wconf 88' lang='lat' dir='ltr'>ex</span> <span class='ocrx_word' id='word_1_95' title='bbox 2203 1651 2431 1694; x_wconf 91' lang='lat' dir='ltr'>amore</span> <span class='ocrx_word' id='word_1_96' title='bbox 2477 1631 2639 1712; x_wconf 78' lang='lat' dir='ltr'>ejuS,</span> 
     </span>
     <span class='ocr_line' id='line_1_11' title="bbox 403 1722 2641 1807; baseline 0.002 -23"><span class='ocrx_word' id='word_1_97' title='bbox 403 1723 498 1785; x_wconf 90' lang='lat' dir='ltr'>ita</span> <span class='ocrx_word' id='word_1_98' title='bbox 542 1732 651 1786; x_wconf 89' lang='lat' dir='ltr'>est</span> <span class='ocrx_word' id='word_1_99' title='bbox 698 1725 944 1788; x_wconf 90' lang='lat' dir='ltr'>amoris</span> <span class='ocrx_word' id='word_1_100' title='bbox 989 1724 1169 1805; x_wconf 88' lang='lat' dir='ltr'>ejus;</span> <span class='ocrx_word' id='word_1_101' title='bbox 1214 1725 1371 1788; x_wconf 90' lang='lat' dir='ltr'>inde</span> <span class='ocrx_word' id='word_1_102' title='bbox 1410 1725 1712 1807; x_wconf 88' lang='lat' dir='ltr'>sequitur</span> <span class='ocrx_word' id='word_1_103' title='bbox 1755 1725 1938 1807; x_wconf 89' lang='lat' dir='ltr'>quod</span> <span class='ocrx_word' id='word_1_104' title='bbox 1983 1744 2173 1789; x_wconf 91' lang='lat' dir='ltr'>amor</span> <span class='ocrx_word' id='word_1_105' title='bbox 2211 1745 2327 1788; x_wconf 89' lang='lat' dir='ltr'>seu</span> <span class='ocrx_word' id='word_1_106' title='bbox 2373 1722 2641 1788; x_wconf 67' lang='lat' dir='ltr'>affectio</span> 
     </span>
     <span class='ocr_line' id='line_1_12' title="bbox 404 1816 2642 1901; baseline 0.001 -22"><span class='ocrx_word' id='word_1_107' title='bbox 404 1816 697 1880; x_wconf 88' lang='lat' dir='ltr'>hominis</span> <span class='ocrx_word' id='word_1_108' title='bbox 750 1837 889 1881; x_wconf 91' lang='lat' dir='ltr'>non</span> <span class='ocrx_word' id='word_1_109' title='bbox 942 1817 1139 1882; x_wconf 90' lang='lat' dir='ltr'>aliter</span> <span class='ocrx_word' id='word_1_110' title='bbox 1184 1819 1527 1883; x_wconf 86' lang='lat' dir='ltr'>reformari</span> <span class='ocrx_word' id='word_1_111' title='bbox 1578 1819 1814 1900; x_wconf 87' lang='lat' dir='ltr'>possit,</span> <span class='ocrx_word' id='word_1_112' title='bbox 1864 1837 2064 1900; x_wconf 90' lang='lat' dir='ltr'>quam</span> <span class='ocrx_word' id='word_1_113' title='bbox 2122 1839 2240 1901; x_wconf 88' lang='lat' dir='ltr'>per</span> <span class='ocrx_word' id='word_1_114' title='bbox 2284 1818 2512 1899; x_wconf 89' lang='lat' dir='ltr'>fugam</span> <span class='ocrx_word' id='word_1_115' title='bbox 2571 1828 2642 1882; x_wconf 92' lang='lat' dir='ltr'>et</span> 
     </span>
     <span class='ocr_line' id='line_1_13' title="bbox 404 1912 2641 1995; baseline 0 -22"><span class='ocrx_word' id='word_1_116' title='bbox 404 1913 903 1976; x_wconf 85' lang='lat' dir='ltr'>aversationem</span> <span class='ocrx_word' id='word_1_117' title='bbox 934 1913 1351 1994; x_wconf 88' lang='lat' dir='ltr'>spiritualem</span> <span class='ocrx_word' id='word_1_118' title='bbox 1390 1913 1744 1988; x_wconf 91' lang='lat' dir='ltr'>malorum,</span> <span class='ocrx_word' id='word_1_119' title='bbox 1786 1933 1957 1995; x_wconf 90' lang='lat' dir='ltr'>quae</span> <span class='ocrx_word' id='word_1_120' title='bbox 1997 1924 2100 1976; x_wconf 90' lang='lat' dir='ltr'>est</span> <span class='ocrx_word' id='word_1_121' title='bbox 2139 1912 2296 1994; x_wconf 85' lang='lat' dir='ltr'>fuga</span> <span class='ocrx_word' id='word_1_122' title='bbox 2334 1923 2402 1974; x_wconf 90' lang='lat' dir='ltr'>et</span> <span class='ocrx_word' id='word_1_123' title='bbox 2449 1932 2641 1975; x_wconf 88' lang='lat' dir='ltr'>aver·</span> 
     </span>
     <span class='ocr_line' id='line_1_14' title="bbox 404 2005 2642 2090; baseline -0 -21"><span class='ocrx_word' id='word_1_124' title='bbox 404 2007 579 2070; x_wconf 88' lang='lat' dir='ltr'>satio</span> <span class='ocrx_word' id='word_1_125' title='bbox 616 2005 887 2071; x_wconf 88' lang='lat' dir='ltr'>illorum</span> <span class='ocrx_word' id='word_1_126' title='bbox 930 2009 1087 2090; x_wconf 91' lang='lat' dir='ltr'>quia</span> <span class='ocrx_word' id='word_1_127' title='bbox 1130 2016 1291 2071; x_wconf 90' lang='lat' dir='ltr'>sunt</span> <span class='ocrx_word' id='word_1_128' title='bbox 1335 2006 1702 2070; x_wconf 83' lang='lat' dir='ltr'>infernalia.</span> <span class='ocrx_word' id='word_1_129' title='bbox 1793 2007 1907 2070; x_wconf 85' lang='lat' dir='ltr'>Ex</span> <span class='ocrx_word' id='word_1_130' title='bbox 1954 2007 2057 2070; x_wconf 91' lang='lat' dir='ltr'>his</span> <span class='ocrx_word' id='word_1_131' title='bbox 2103 2026 2277 2069; x_wconf 90' lang='lat' dir='ltr'>nunc</span> <span class='ocrx_word' id='word_1_132' title='bbox 2326 2014 2642 2069; x_wconf 87' lang='lat' dir='ltr'>constare</span> 
     </span>
     <span class='ocr_line' id='line_1_15' title="bbox 402 2099 2368 2185; baseline -0.001 -22"><span class='ocrx_word' id='word_1_133' title='bbox 402 2110 636 2181; x_wconf 84' lang='lat' dir='ltr'>potest</span> <span class='ocrx_word' id='word_1_134' title='bbox 674 2101 833 2184; x_wconf 90' lang='lat' dir='ltr'>quid</span> <span class='ocrx_word' id='word_1_135' title='bbox 866 2102 953 2164; x_wconf 89' lang='lat' dir='ltr'>sit</span> <span class='ocrx_word' id='word_1_136' title='bbox 996 2103 1246 2185; x_wconf 88' lang='lat' dir='ltr'>“sequi</span> <span class='ocrx_word' id='word_1_137' title='bbox 1286 2101 1652 2164; x_wconf 89' lang='lat' dir='ltr'>Dominum</span> <span class='ocrx_word' id='word_1_138' title='bbox 1691 2121 2089 2184; x_wconf 88' lang='lat' dir='ltr'>quocunque</span> <span class='ocrx_word' id='word_1_139' title='bbox 2127 2099 2368 2164; x_wconf 88' lang='lat' dir='ltr'>vadit.”</span> 
     </span>
    </p>

    <p class='ocr_par' dir='ltr' id='par_1_3' title="bbox 372 2197 2658 4728">
     <span class='ocr_line' id='line_1_16' title="bbox 520 2197 2647 2282; baseline -0.002 -18"><span class='ocrx_word' id='word_1_140' title='bbox 520 2197 732 2282; x_wconf 74' lang='lat'><strong>865.</strong></span> <span class='ocrx_word' id='word_1_141' title='bbox 776 2199 895 2260; x_wconf 68' lang='lat' dir='ltr'>“ui</span> <span class='ocrx_word' id='word_1_142' title='bbox 914 2199 1102 2280; x_wconf 72' lang='lat' dir='ltr'>empti</span> <span class='ocrx_word' id='word_1_143' title='bbox 1122 2204 1269 2262; x_wconf 71' lang='lat' dir='ltr'>sunt</span> <span class='ocrx_word' id='word_1_144' title='bbox 1293 2199 1367 2260; x_wconf 79' lang='lat' dir='ltr'>do</span> <span class='ocrx_word' id='word_1_145' title='bbox 1395 2198 1750 2271; x_wconf 75' lang='lat' dir='ltr'>hominibus,</span> <span class='ocrx_word' id='word_1_146' title='bbox 1766 2198 2070 2280; x_wconf 71' lang='lat' dir='ltr'>primitiae</span> <span class='ocrx_word' id='word_1_147' title='bbox 2094 2197 2220 2260; x_wconf 78' lang='lat' dir='ltr'>Boo</span> <span class='ocrx_word' id='word_1_148' title='bbox 2246 2204 2314 2261; x_wconf 72' lang='lat' dir='ltr'>ot</span> <span class='ocrx_word' id='word_1_149' title='bbox 2334 2197 2647 2279; x_wconf 55' lang='lat' dir='ltr'>agnost—</span> 
     </span>
     <span class='ocr_line' id='line_1_17' title="bbox 404 2291 2640 2376; baseline -0 -19"><span class='ocrx_word' id='word_1_150' title='bbox 404 2291 609 2376; x_wconf 88' lang='lat' dir='ltr'>Quod</span> <span class='ocrx_word' id='word_1_151' title='bbox 647 2293 985 2376; x_wconf 76' lang='lat' dir='ltr'>si&#39;gnificet</span> <span class='ocrx_word' id='word_1_152' title='bbox 1028 2295 1181 2359; x_wconf 82' lang='lat' dir='ltr'>illos</span> <span class='ocrx_word' id='word_1_153' title='bbox 1225 2295 1296 2358; x_wconf 82' lang='lat' dir='ltr'>in</span> <span class='ocrx_word' id='word_1_154' title='bbox 1338 2295 1538 2358; x_wconf 82' lang='lat' dir='ltr'>Nova</span> <span class='ocrx_word' id='word_1_155' title='bbox 1582 2294 1877 2359; x_wconf 77' lang='lat' dir='ltr'>Ecclesia</span> <span class='ocrx_word' id='word_1_156' title='bbox 1922 2305 2206 2375; x_wconf 85' lang='lat' dir='ltr'>receptos</span> <span class='ocrx_word' id='word_1_157' title='bbox 2253 2316 2296 2358; x_wconf 91' lang='lat' dir='ltr'>a</span> <span class='ocrx_word' id='word_1_158' title='bbox 2339 2294 2640 2368; x_wconf 79' lang='lat' dir='ltr'>Domine,</span> 
     </span>
     <span class='ocr_line' id='line_1_18' title="bbox 402 2388 2642 2472; baseline -0 -20"><span class='ocrx_word' id='word_1_159' title='bbox 402 2399 681 2454; x_wconf 91' lang='lat' dir='ltr'>constat</span> <span class='ocrx_word' id='word_1_160' title='bbox 726 2411 766 2454; x_wconf 88' lang='lat' dir='ltr'>a</span> <span class='ocrx_word' id='word_1_161' title='bbox 811 2388 1305 2472; x_wconf 85' lang='lat' dir='ltr'>significatione</span> <span class='ocrx_word' id='word_1_162' title='bbox 1342 2395 1784 2471; x_wconf 90' lang='lat' dir='ltr'>“emptorum</span> <span class='ocrx_word' id='word_1_163' title='bbox 1822 2411 1863 2453; x_wconf 93' lang='lat' dir='ltr'>a</span> <span class='ocrx_word' id='word_1_164' title='bbox 1901 2389 2256 2464; x_wconf 89' lang='lat' dir='ltr'>Domino,”</span> <span class='ocrx_word' id='word_1_165' title='bbox 2288 2389 2469 2471; x_wconf 91' lang='lat' dir='ltr'>quod</span> <span class='ocrx_word' id='word_1_166' title='bbox 2507 2390 2642 2452; x_wconf 90' lang='lat' dir='ltr'>sint</span> 
     </span>
     <span class='ocr_line' id='line_1_19' title="bbox 401 2481 2639 2568; baseline 0 -21"><span class='ocrx_word' id='word_1_167' title='bbox 401 2486 509 2566; x_wconf 90' lang='lat' dir='ltr'>qui</span> <span class='ocrx_word' id='word_1_168' title='bbox 545 2481 1069 2549; x_wconf 66' lang='lat' dir='ltr'>instructionem</span> <span class='ocrx_word' id='word_1_169' title='bbox 1106 2506 1143 2548; x_wconf 93' lang='lat' dir='ltr'>e</span> <span class='ocrx_word' id='word_1_170' title='bbox 1183 2484 1419 2548; x_wconf 89' lang='lat' dir='ltr'>Verbo</span> <span class='ocrx_word' id='word_1_171' title='bbox 1455 2485 1808 2568; x_wconf 89' lang='lat' dir='ltr'>recipiunt,</span> <span class='ocrx_word' id='word_1_172' title='bbox 1836 2486 2160 2567; x_wconf 87' lang='lat' dir='ltr'>imprimis</span> <span class='ocrx_word' id='word_1_173' title='bbox 2197 2485 2281 2548; x_wconf 90' lang='lat' dir='ltr'>de</span> <span class='ocrx_word' id='word_1_174' title='bbox 2320 2485 2639 2559; x_wconf 90' lang='lat' dir='ltr'>Domin0,</span> 
     </span>
     <span class='ocr_line' id='line_1_20' title="bbox 402 2575 2642 2655; baseline 0 -16"><span class='ocrx_word' id='word_1_175' title='bbox 402 2595 478 2639; x_wconf 91' lang='lat' dir='ltr'>ac</span> <span class='ocrx_word' id='word_1_176' title='bbox 524 2576 772 2639; x_wconf 87' lang='lat' dir='ltr'>vivunt</span> <span class='ocrx_word' id='word_1_177' title='bbox 816 2577 1195 2640; x_wconf 90' lang='lat' dir='ltr'>secundum</span> <span class='ocrx_word' id='word_1_178' title='bbox 1240 2575 1433 2641; x_wconf 90' lang='lat' dir='ltr'>illam</span> <span class='ocrx_word' id='word_1_179' title='bbox 1478 2592 1563 2649; x_wconf 80' lang='lat' dir='ltr'>(de</span> <span class='ocrx_word' id='word_1_180' title='bbox 1590 2607 1690 2650; x_wconf 78' lang='lat' dir='ltr'>qua</span> <span class='ocrx_word' id='word_1_181' title='bbox 1714 2607 1874 2652; x_wconf 78' lang='lat' dir='ltr'>supra.</span> <span class='ocrx_word' id='word_1_182' title='bbox 1905 2605 1952 2639; x_wconf 80' lang='lat' dir='ltr'>n.</span> <span class='ocrx_word' id='word_1_183' title='bbox 1984 2577 2173 2655; x_wconf 89' lang='lat'><strong>860);</strong></span> <span class='ocrx_word' id='word_1_184' title='bbox 2233 2577 2438 2640; x_wconf 90' lang='lat' dir='ltr'>iidem</span> <span class='ocrx_word' id='word_1_185' title='bbox 2483 2585 2642 2640; x_wconf 92' lang='lat' dir='ltr'>sunt</span> 
     </span>
     <span class='ocr_line' id='line_1_21' title="bbox 402 2668 2643 2750; baseline 0.001 -20"><span class='ocrx_word' id='word_1_186' title='bbox 402 2669 511 2749; x_wconf 91' lang='lat' dir='ltr'>qui</span> <span class='ocrx_word' id='word_1_187' title='bbox 563 2668 777 2732; x_wconf 90' lang='lat' dir='ltr'>etiam</span> <span class='ocrx_word' id='word_1_188' title='bbox 836 2668 1151 2732; x_wconf 88' lang='lat' dir='ltr'>dicuntur</span> <span class='ocrx_word' id='word_1_189' title='bbox 1200 2669 1646 2750; x_wconf 85' lang='lat' dir='ltr'>“redempti’&#39;</span> <span class='ocrx_word' id='word_1_190' title='bbox 1697 2689 1739 2732; x_wconf 91' lang='lat' dir='ltr'>a</span> <span class='ocrx_word' id='word_1_191' title='bbox 1797 2669 2118 2744; x_wconf 90' lang='lat' dir='ltr'>Domino,</span> <span class='ocrx_word' id='word_1_192' title='bbox 2167 2688 2246 2732; x_wconf 93' lang='lat' dir='ltr'>ac</span> <span class='ocrx_word' id='word_1_193' title='bbox 2306 2668 2643 2749; x_wconf 89' lang='lat' dir='ltr'>redempti</span> 
     </span>
     <span class='ocr_line' id='line_1_22' title="bbox 402 2761 2646 2845; baseline 0.002 -22"><span class='ocrx_word' id='word_1_194' title='bbox 402 2772 559 2824; x_wconf 91' lang='lat' dir='ltr'>sunt</span> <span class='ocrx_word' id='word_1_195' title='bbox 608 2763 725 2844; x_wconf 90' lang='lat' dir='ltr'>qui</span> <span class='ocrx_word' id='word_1_196' title='bbox 768 2783 809 2826; x_wconf 89' lang='lat' dir='ltr'>a</span> <span class='ocrx_word' id='word_1_197' title='bbox 867 2761 1165 2826; x_wconf 92' lang='lat' dir='ltr'>Domino</span> <span class='ocrx_word' id='word_1_198' title='bbox 1210 2763 1612 2843; x_wconf 90' lang='lat' dir='ltr'>regenerati,</span> <span class='ocrx_word' id='word_1_199' title='bbox 1663 2771 1732 2826; x_wconf 91' lang='lat' dir='ltr'>et</span> <span class='ocrx_word' id='word_1_200' title='bbox 1792 2763 1857 2826; x_wconf 91' lang='lat' dir='ltr'>hi</span> <span class='ocrx_word' id='word_1_201' title='bbox 1905 2775 2062 2826; x_wconf 91' lang='lat' dir='ltr'>sunt</span> <span class='ocrx_word' id='word_1_202' title='bbox 2111 2764 2222 2845; x_wconf 90' lang='lat' dir='ltr'>qui</span> <span class='ocrx_word' id='word_1_203' title='bbox 2273 2773 2646 2845; x_wconf 89' lang='lat' dir='ltr'>sequuntur</span> 
     </span>
     <span class='ocr_line' id='line_1_23' title="bbox 404 2851 2644 2935; baseline 0.001 -21"><span class='ocrx_word' id='word_1_204' title='bbox 404 2851 804 2928; x_wconf 89' lang='lat' dir='ltr'>Dominum,</span> <span class='ocrx_word' id='word_1_205' title='bbox 830 2851 962 2916; x_wconf 85' lang='lat' dir='ltr'>hoc</span> <span class='ocrx_word' id='word_1_206' title='bbox 1000 2862 1133 2928; x_wconf 89' lang='lat' dir='ltr'>est,</span> <span class='ocrx_word' id='word_1_207' title='bbox 1165 2853 1507 2918; x_wconf 86' lang='lat' dir='ltr'>ducuntur</span> <span class='ocrx_word' id='word_1_208' title='bbox 1537 2854 1623 2916; x_wconf 92' lang='lat' dir='ltr'>ab</span> <span class='ocrx_word' id='word_1_209' title='bbox 1658 2852 1821 2935; x_wconf 91' lang='lat' dir='ltr'>Ipso</span> <span class='ocrx_word' id='word_1_210' title='bbox 1853 2871 1936 2928; x_wconf 82' lang='lat' dir='ltr'>(de</span> <span class='ocrx_word' id='word_1_211' title='bbox 1963 2871 2139 2928; x_wconf 78' lang='lat' dir='ltr'>quibus</span> <span class='ocrx_word' id='word_1_212' title='bbox 2167 2883 2279 2916; x_wconf 83' lang='lat' dir='ltr'>mox</span> <span class='ocrx_word' id='word_1_213' title='bbox 2300 2869 2504 2930; x_wconf 80' lang='lat' dir='ltr'>supra):</span> <span class='ocrx_word' id='word_1_214' title='bbox 2552 2874 2644 2917; x_wconf 88' lang='lat' dir='ltr'>ex</span> 
     </span>
     <span class='ocr_line' id='line_1_24' title="bbox 402 2949 2658 3036; baseline 0.002 -26"><span class='ocrx_word' id='word_1_215' title='bbox 402 2949 899 3031; x_wconf 88' lang='lat' dir='ltr'>significatione</span> <span class='ocrx_word' id='word_1_216' title='bbox 942 2950 1443 3031; x_wconf 87' lang='lat' dir='ltr'>“primitiarum</span> <span class='ocrx_word' id='word_1_217' title='bbox 1483 2951 1610 3014; x_wconf 91' lang='lat' dir='ltr'>Dei</span> <span class='ocrx_word' id='word_1_218' title='bbox 1649 2961 1720 3014; x_wconf 91' lang='lat' dir='ltr'>et</span> <span class='ocrx_word' id='word_1_219' title='bbox 1761 2950 2006 3032; x_wconf 90' lang='lat' dir='ltr'>Agni,”</span> <span class='ocrx_word' id='word_1_220' title='bbox 2031 2951 2212 3034; x_wconf 91' lang='lat' dir='ltr'>quod</span> <span class='ocrx_word' id='word_1_221' title='bbox 2249 2952 2386 3015; x_wconf 89' lang='lat' dir='ltr'>sint</span> <span class='ocrx_word' id='word_1_222' title='bbox 2423 2952 2534 3033; x_wconf 89' lang='lat' dir='ltr'>qui</span> <span class='ocrx_word' id='word_1_223' title='bbox 2571 2971 2658 3036; x_wconf 12' lang='lat' dir='ltr'>se*</span> 
     </span>
     <span class='ocr_line' id='line_1_25' title="bbox 403 3043 2645 3128; baseline 0.001 -24"><span class='ocrx_word' id='word_1_224' title='bbox 403 3043 739 3107; x_wconf 89' lang='lat' dir='ltr'>dederunt</span> <span class='ocrx_word' id='word_1_225' title='bbox 786 3043 1101 3120; x_wconf 91' lang='lat' dir='ltr'>Domino,</span> <span class='ocrx_word' id='word_1_226' title='bbox 1142 3054 1215 3108; x_wconf 89' lang='lat' dir='ltr'>et</span> <span class='ocrx_word' id='word_1_227' title='bbox 1259 3045 1569 3127; x_wconf 89' lang='lat' dir='ltr'>adoptati</span> <span class='ocrx_word' id='word_1_228' title='bbox 1615 3045 1704 3108; x_wconf 92' lang='lat' dir='ltr'>ab</span> <span class='ocrx_word' id='word_1_229' title='bbox 1751 3044 1949 3126; x_wconf 90' lang='lat' dir='ltr'>Ipso;</span> <span class='ocrx_word' id='word_1_230' title='bbox 2013 3047 2192 3128; x_wconf 89' lang='lat' dir='ltr'>quod</span> <span class='ocrx_word' id='word_1_231' title='bbox 2239 3047 2374 3109; x_wconf 92' lang='lat' dir='ltr'>sint</span> <span class='ocrx_word' id='word_1_232' title='bbox 2434 3046 2545 3128; x_wconf 89' lang='lat' dir='ltr'>qui</span> <span class='ocrx_word' id='word_1_233' title='bbox 2603 3067 2645 3108; x_wconf 92' lang='lat' dir='ltr'>a</span> 
     </span>
     <span class='ocr_line' id='line_1_26' title="bbox 402 3135 2642 3222; baseline 0.001 -22"><span class='ocrx_word' id='word_1_234' title='bbox 402 3135 603 3202; x_wconf 88' lang='lat' dir='ltr'>Nova</span> <span class='ocrx_word' id='word_1_235' title='bbox 645 3137 974 3212; x_wconf 88' lang='lat' dir='ltr'>Ecclesia,</span> <span class='ocrx_word' id='word_1_236' title='bbox 1001 3148 1316 3202; x_wconf 87' lang='lat' dir='ltr'>constare</span> <span class='ocrx_word' id='word_1_237' title='bbox 1355 3149 1586 3220; x_wconf 92' lang='lat' dir='ltr'>potest</span> <span class='ocrx_word' id='word_1_238' title='bbox 1623 3160 1714 3202; x_wconf 86' lang='lat' dir='ltr'>ex</span> <span class='ocrx_word' id='word_1_239' title='bbox 1753 3160 1856 3215; x_wconf 92' lang='lat' dir='ltr'>e0,</span> <span class='ocrx_word' id='word_1_240' title='bbox 1893 3141 2070 3222; x_wconf 89' lang='lat' dir='ltr'>quod</span> <span class='ocrx_word' id='word_1_241' title='bbox 2111 3140 2421 3203; x_wconf 88' lang='lat' dir='ltr'>dicantur</span> <span class='ocrx_word' id='word_1_242' title='bbox 2453 3142 2642 3221; x_wconf 88' lang='lat' dir='ltr'>“pri-</span> 
     </span>
     <span class='ocr_line' id='line_1_27' title="bbox 403 3230 2644 3315; baseline 0.002 -21"><span class='ocrx_word' id='word_1_243' title='bbox 403 3233 635 3296; x_wconf 88' lang='lat' dir='ltr'>mitiae</span> <span class='ocrx_word' id='word_1_244' title='bbox 678 3230 829 3296; x_wconf 89' lang='lat' dir='ltr'>Deo</span> <span class='ocrx_word' id='word_1_245' title='bbox 859 3242 931 3296; x_wconf 90' lang='lat' dir='ltr'>et</span> <span class='ocrx_word' id='word_1_246' title='bbox 969 3231 1180 3313; x_wconf 87' lang='lat' dir='ltr'>Agno</span> <span class='ocrx_word' id='word_1_247' title='bbox 1205 3232 1255 3310; x_wconf 88' lang='lat'>;”</span> <span class='ocrx_word' id='word_1_248' title='bbox 1301 3252 1460 3296; x_wconf 89' lang='lat' dir='ltr'>nam</span> <span class='ocrx_word' id='word_1_249' title='bbox 1497 3235 1609 3315; x_wconf 91' lang='lat' dir='ltr'>qui</span> <span class='ocrx_word' id='word_1_250' title='bbox 1653 3234 1745 3296; x_wconf 89' lang='lat' dir='ltr'>ibi</span> <span class='ocrx_word' id='word_1_251' title='bbox 1781 3235 2211 3314; x_wconf 87' lang='lat' dir='ltr'>recipiuntur,</span> <span class='ocrx_word' id='word_1_252' title='bbox 2252 3233 2345 3296; x_wconf 91' lang='lat' dir='ltr'>illi</span> <span class='ocrx_word' id='word_1_253' title='bbox 2391 3255 2644 3315; x_wconf 89' lang='lat' dir='ltr'>agnos-</span> 
     </span>
     <span class='ocr_line' id='line_1_28' title="bbox 401 3323 2644 3404; baseline 0.003 -16"><span class='ocrx_word' id='word_1_254' title='bbox 401 3334 566 3389; x_wconf 88' lang='lat' dir='ltr'>cunt</span> <span class='ocrx_word' id='word_1_255' title='bbox 638 3323 963 3390; x_wconf 89' lang='lat' dir='ltr'>Divinum</span> <span class='ocrx_word' id='word_1_256' title='bbox 1022 3326 1414 3390; x_wconf 89' lang='lat' dir='ltr'>Humanum</span> <span class='ocrx_word' id='word_1_257' title='bbox 1477 3326 1772 3404; x_wconf 89' lang='lat' dir='ltr'>Domini,</span> <span class='ocrx_word' id='word_1_258' title='bbox 1836 3348 1915 3391; x_wconf 94' lang='lat' dir='ltr'>ac</span> <span class='ocrx_word' id='word_1_259' title='bbox 1977 3329 2212 3391; x_wconf 90' lang='lat' dir='ltr'>vivunt</span> <span class='ocrx_word' id='word_1_260' title='bbox 2271 3330 2644 3394; x_wconf 88' lang='lat' dir='ltr'>secundum</span> 
     </span>
     <span class='ocr_line' id='line_1_29' title="bbox 402 3419 2642 3502; baseline 0.003 -20"><span class='ocrx_word' id='word_1_261' title='bbox 402 3429 773 3501; x_wconf 88' lang='lat' dir='ltr'>praecepta</span> <span class='ocrx_word' id='word_1_262' title='bbox 818 3419 1035 3502; x_wconf 85' lang='lat' dir='ltr'>Ipsius</span> <span class='ocrx_word' id='word_1_263' title='bbox 1062 3441 1103 3499; x_wconf 88' lang='lat'>;·</span> <span class='ocrx_word' id='word_1_264' title='bbox 1132 3420 1245 3484; x_wconf 89' lang='lat' dir='ltr'>alii</span> <span class='ocrx_word' id='word_1_265' title='bbox 1300 3441 1433 3483; x_wconf 92' lang='lat' dir='ltr'>non</span> <span class='ocrx_word' id='word_1_266' title='bbox 1481 3423 1893 3502; x_wconf 88' lang='lat' dir='ltr'>recipiuntur</span> <span class='ocrx_word' id='word_1_267' title='bbox 1936 3423 2004 3485; x_wconf 90' lang='lat' dir='ltr'>in</span> <span class='ocrx_word' id='word_1_268' title='bbox 2066 3421 2262 3485; x_wconf 89' lang='lat' dir='ltr'>Nova</span> <span class='ocrx_word' id='word_1_269' title='bbox 2309 3422 2642 3501; x_wconf 87' lang='lat' dir='ltr'>Ecclesia,</span> 
     </span>
     <span class='ocr_line' id='line_1_30' title="bbox 401 3511 2644 3599; baseline 0.003 -23"><span class='ocrx_word' id='word_1_270' title='bbox 401 3533 575 3595; x_wconf 86' lang='lat' dir='ltr'>quae</span> <span class='ocrx_word' id='word_1_271' title='bbox 608 3511 812 3576; x_wconf 88' lang='lat' dir='ltr'>Nova</span> <span class='ocrx_word' id='word_1_272' title='bbox 845 3512 1326 3594; x_wconf 89' lang='lat' dir='ltr'>Hierosolyma</span> <span class='ocrx_word' id='word_1_273' title='bbox 1358 3525 1661 3592; x_wconf 83' lang='lat' dir='ltr'>vocatur,</span> <span class='ocrx_word' id='word_1_274' title='bbox 1694 3537 1785 3578; x_wconf 88' lang='lat' dir='ltr'>ex</span> <span class='ocrx_word' id='word_1_275' title='bbox 1818 3536 2021 3579; x_wconf 90' lang='lat' dir='ltr'>causa</span> <span class='ocrx_word' id='word_1_276' title='bbox 2051 3517 2206 3598; x_wconf 90' lang='lat' dir='ltr'>quia</span> <span class='ocrx_word' id='word_1_277' title='bbox 2237 3515 2330 3578; x_wconf 89' lang='lat' dir='ltr'>illi</span> <span class='ocrx_word' id='word_1_278' title='bbox 2362 3518 2473 3599; x_wconf 90' lang='lat' dir='ltr'>qui</span> <span class='ocrx_word' id='word_1_279' title='bbox 2506 3538 2644 3582; x_wconf 91' lang='lat' dir='ltr'>non</span> 
     </span>
     <span class='ocr_line' id='line_1_31' title="bbox 400 3607 2640 3688; baseline 0.003 -18"><span class='ocrx_word' id='word_1_280' title='bbox 400 3608 467 3670; x_wconf 90' lang='lat' dir='ltr'>id</span> <span class='ocrx_word' id='word_1_281' title='bbox 514 3607 829 3682; x_wconf 86' lang='lat' dir='ltr'>credunt,</span> <span class='ocrx_word' id='word_1_282' title='bbox 867 3629 947 3671; x_wconf 89' lang='lat' dir='ltr'>ac</span> <span class='ocrx_word' id='word_1_283' title='bbox 992 3608 1089 3671; x_wconf 91' lang='lat' dir='ltr'>ita</span> <span class='ocrx_word' id='word_1_284' title='bbox 1126 3610 1383 3684; x_wconf 88' lang='lat' dir='ltr'>vivunt,</span> <span class='ocrx_word' id='word_1_285' title='bbox 1420 3629 1555 3672; x_wconf 91' lang='lat' dir='ltr'>non</span> <span class='ocrx_word' id='word_1_286' title='bbox 1593 3629 1747 3672; x_wconf 89' lang='lat' dir='ltr'>cum</span> <span class='ocrx_word' id='word_1_287' title='bbox 1793 3611 1934 3672; x_wconf 87' lang='lat' dir='ltr'>vita</span> <span class='ocrx_word' id='word_1_288' title='bbox 1979 3609 2148 3673; x_wconf 90' lang='lat' dir='ltr'>caeli</span> <span class='ocrx_word' id='word_1_289' title='bbox 2195 3612 2640 3688; x_wconf 89' lang='lat' dir='ltr'>concordant,</span> 
     </span>
     <span class='ocr_line' id='line_1_32' title="bbox 402 3701 2643 3783; baseline 0.002 -19"><span class='ocrx_word' id='word_1_290' title='bbox 402 3722 524 3766; x_wconf 89' lang='lat' dir='ltr'>nec</span> <span class='ocrx_word' id='word_1_291' title='bbox 552 3721 711 3766; x_wconf 93' lang='lat' dir='ltr'>cum</span> <span class='ocrx_word' id='word_1_292' title='bbox 746 3701 893 3766; x_wconf 89' lang='lat' dir='ltr'>luce</span> <span class='ocrx_word' id='word_1_293' title='bbox 924 3703 1033 3778; x_wconf 91' lang='lat' dir='ltr'>ibi,</span> <span class='ocrx_word' id='word_1_294' title='bbox 1068 3723 1190 3766; x_wconf 92' lang='lat' dir='ltr'>nec</span> <span class='ocrx_word' id='word_1_295' title='bbox 1217 3722 1371 3766; x_wconf 91' lang='lat' dir='ltr'>cum</span> <span class='ocrx_word' id='word_1_296' title='bbox 1404 3703 1627 3767; x_wconf 89' lang='lat' dir='ltr'>calore</span> <span class='ocrx_word' id='word_1_297' title='bbox 1653 3703 1780 3783; x_wconf 84' lang='lat' dir='ltr'>ibi3</span> <span class='ocrx_word' id='word_1_298' title='bbox 1831 3704 1948 3768; x_wconf 86' lang='lat' dir='ltr'>lux</span> <span class='ocrx_word' id='word_1_299' title='bbox 1981 3706 2160 3767; x_wconf 89' lang='lat' dir='ltr'>enim</span> <span class='ocrx_word' id='word_1_300' title='bbox 2192 3705 2282 3768; x_wconf 93' lang='lat' dir='ltr'>ibi</span> <span class='ocrx_word' id='word_1_301' title='bbox 2314 3714 2420 3769; x_wconf 88' lang='lat' dir='ltr'>est</span> <span class='ocrx_word' id='word_1_302' title='bbox 2452 3705 2643 3770; x_wconf 89' lang='lat' dir='ltr'>Divi·</span> 
     </span>
     <span class='ocr_line' id='line_1_33' title="bbox 402 3793 2645 3880; baseline 0.003 -22"><span class='ocrx_word' id='word_1_303' title='bbox 402 3816 563 3880; x_wconf 84' lang='lat' dir='ltr'>num</span> <span class='ocrx_word' id='word_1_304' title='bbox 584 3793 869 3870; x_wconf 88' lang='lat' dir='ltr'>Verum,</span> <span class='ocrx_word' id='word_1_305' title='bbox 893 3817 981 3859; x_wconf 88' lang='lat' dir='ltr'>ex</span> <span class='ocrx_word' id='word_1_306' title='bbox 1008 3818 1142 3879; x_wconf 89' lang='lat' dir='ltr'>quo</span> <span class='ocrx_word' id='word_1_307' title='bbox 1166 3797 1383 3861; x_wconf 91' lang='lat' dir='ltr'>omnis</span> <span class='ocrx_word' id='word_1_308' title='bbox 1411 3795 1867 3879; x_wconf 86' lang='lat' dir='ltr'>intelligentia</span> <span class='ocrx_word' id='word_1_309' title='bbox 1891 3809 1961 3862; x_wconf 90' lang='lat' dir='ltr'>et</span> <span class='ocrx_word' id='word_1_310' title='bbox 1989 3801 2341 3880; x_wconf 89' lang='lat' dir='ltr'>sapientia,</span> <span class='ocrx_word' id='word_1_311' title='bbox 2363 3810 2434 3864; x_wconf 88' lang='lat' dir='ltr'>et</span> <span class='ocrx_word' id='word_1_312' title='bbox 2460 3800 2645 3865; x_wconf 88' lang='lat' dir='ltr'>calor</span> 
     </span>
     <span class='ocr_line' id='line_1_34' title="bbox 372 3889 2644 3975; baseline 0.002 -21"><span class='ocrx_word' id='word_1_313' title='bbox 372 3893 491 3956; x_wconf 73' lang='lat' dir='ltr'>»ibi</span> <span class='ocrx_word' id='word_1_314' title='bbox 536 3901 649 3956; x_wconf 88' lang='lat' dir='ltr'>est</span> <span class='ocrx_word' id='word_1_315' title='bbox 696 3889 1019 3954; x_wconf 89' lang='lat' dir='ltr'>Divinum</span> <span class='ocrx_word' id='word_1_316' title='bbox 1065 3891 1352 3966; x_wconf 92' lang='lat' dir='ltr'>Bonum,</span> <span class='ocrx_word' id='word_1_317' title='bbox 1400 3913 1489 3955; x_wconf 88' lang='lat' dir='ltr'>ex</span> <span class='ocrx_word' id='word_1_318' title='bbox 1536 3913 1672 3975; x_wconf 89' lang='lat' dir='ltr'>quo</span> <span class='ocrx_word' id='word_1_319' title='bbox 1716 3895 1936 3956; x_wconf 87' lang='lat' dir='ltr'>omnis</span> <span class='ocrx_word' id='word_1_320' title='bbox 1981 3914 2170 3957; x_wconf 90' lang='lat' dir='ltr'>amor</span> <span class='ocrx_word' id='word_1_321' title='bbox 2215 3906 2284 3958; x_wconf 89' lang='lat' dir='ltr'>et</span> <span class='ocrx_word' id='word_1_322' title='bbox 2331 3895 2644 3960; x_wconf 90' lang='lat' dir='ltr'>charitas.</span> 
     </span>
     <span class='ocr_line' id='line_1_35' title="bbox 402 3982 2645 4068; baseline 0.002 -18"><span class='ocrx_word' id='word_1_323' title='bbox 402 3985 647 4051; x_wconf 89' lang='lat' dir='ltr'>Omnis</span> <span class='ocrx_word' id='word_1_324' title='bbox 696 3982 964 4050; x_wconf 78' lang='lat' dir='ltr'>affec&#39;tio</span> <span class='ocrx_word' id='word_1_325' title='bbox 1016 3995 1087 4049; x_wconf 91' lang='lat' dir='ltr'>et</span> <span class='ocrx_word' id='word_1_326' title='bbox 1139 3985 1296 4049; x_wconf 89' lang='lat' dir='ltr'>inde</span> <span class='ocrx_word' id='word_1_327' title='bbox 1347 3987 1680 4068; x_wconf 84' lang='lat' dir='ltr'>cogitatio</span> <span class='ocrx_word' id='word_1_328' title='bbox 1735 3987 2026 4051; x_wconf 88' lang='lat' dir='ltr'>hominis</span> <span class='ocrx_word' id='word_1_329' title='bbox 2080 4009 2216 4052; x_wconf 91' lang='lat' dir='ltr'>non</span> <span class='ocrx_word' id='word_1_330' title='bbox 2277 3989 2481 4052; x_wconf 91' lang='lat' dir='ltr'>modo</span> <span class='ocrx_word' id='word_1_331' title='bbox 2539 4003 2645 4055; x_wconf 91' lang='lat' dir='ltr'>est</span> 
     </span>
     <span class='ocr_line' id='line_1_36' title="bbox 402 4079 2641 4161; baseline 0.001 -17"><span class='ocrx_word' id='word_1_332' title='bbox 402 4083 583 4145; x_wconf 90' lang='lat' dir='ltr'>intra</span> <span class='ocrx_word' id='word_1_333' title='bbox 619 4079 833 4152; x_wconf 88' lang='lat' dir='ltr'>illum,</span> <span class='ocrx_word' id='word_1_334' title='bbox 873 4089 943 4142; x_wconf 90' lang='lat' dir='ltr'>et</span> <span class='ocrx_word' id='word_1_335' title='bbox 981 4080 1141 4143; x_wconf 87' lang='lat' dir='ltr'>facit</span> <span class='ocrx_word' id='word_1_336' title='bbox 1179 4081 1391 4144; x_wconf 89' lang='lat' dir='ltr'>vitam</span> <span class='ocrx_word' id='word_1_337' title='bbox 1430 4079 1592 4161; x_wconf 81' lang='lat' dir='ltr'>ejuS,</span> <span class='ocrx_word' id='word_1_338' title='bbox 1632 4081 1755 4144; x_wconf 90' lang='lat' dir='ltr'>sed</span> <span class='ocrx_word' id='word_1_339' title='bbox 1793 4083 2003 4145; x_wconf 89' lang='lat' dir='ltr'>etiam</span> <span class='ocrx_word' id='word_1_340' title='bbox 2049 4092 2154 4146; x_wconf 88' lang='lat' dir='ltr'>est</span> <span class='ocrx_word' id='word_1_341' title='bbox 2194 4093 2394 4146; x_wconf 87' lang='lat' dir='ltr'>extra</span> <span class='ocrx_word' id='word_1_342' title='bbox 2431 4083 2641 4159; x_wconf 89' lang='lat' dir='ltr'>illum,</span> 
     </span>
     <span class='ocr_line' id='line_1_37' title="bbox 399 4173 2646 4259; baseline 0.001 -21"><span class='ocrx_word' id='word_1_343' title='bbox 399 4185 471 4239; x_wconf 88' lang='lat' dir='ltr'>et</span> <span class='ocrx_word' id='word_1_344' title='bbox 518 4175 683 4241; x_wconf 85' lang='lat' dir='ltr'>facit</span> <span class='ocrx_word' id='word_1_345' title='bbox 729 4174 1087 4254; x_wconf 88' lang='lat' dir='ltr'>sphaeram</span> <span class='ocrx_word' id='word_1_346' title='bbox 1131 4176 1311 4238; x_wconf 87' lang='lat' dir='ltr'>vitae</span> <span class='ocrx_word' id='word_1_347' title='bbox 1367 4173 1528 4255; x_wconf 79' lang='lat' dir='ltr'>ejuS.</span> <span class='ocrx_word' id='word_1_348' title='bbox 1631 4174 1801 4239; x_wconf 90' lang='lat' dir='ltr'>Inde</span> <span class='ocrx_word' id='word_1_349' title='bbox 1856 4186 1962 4240; x_wconf 90' lang='lat' dir='ltr'>est</span> <span class='ocrx_word' id='word_1_350' title='bbox 2009 4177 2190 4259; x_wconf 92' lang='lat' dir='ltr'>quod</span> <span class='ocrx_word' id='word_1_351' title='bbox 2236 4177 2496 4240; x_wconf 90' lang='lat' dir='ltr'>caelum</span> <span class='ocrx_word' id='word_1_352' title='bbox 2557 4179 2646 4240; x_wconf 89' lang='lat' dir='ltr'>sit</span> 
     </span>
     <span class='ocr_line' id='line_1_38' title="bbox 403 4257 2646 4335; baseline 0.001 -4"><span class='ocrx_word' id='word_1_353' title='bbox 403 4263 806 4332; x_wconf 68' lang='lat' dir='ltr'>distinctum</span> <span class='ocrx_word' id='word_1_354' title='bbox 863 4257 933 4330; x_wconf 81' lang='lat' dir='ltr'>in</span> <span class='ocrx_word' id='word_1_355' title='bbox 982 4269 1349 4334; x_wconf 87' lang='lat' dir='ltr'>societates</span> <span class='ocrx_word' id='word_1_356' title='bbox 1394 4270 1764 4332; x_wconf 89' lang='lat' dir='ltr'>secundum</span> <span class='ocrx_word' id='word_1_357' title='bbox 1805 4271 2172 4335; x_wconf 88' lang='lat' dir='ltr'>varietates</span> <span class='ocrx_word' id='word_1_358' title='bbox 2217 4269 2646 4335; x_wconf 66' lang='lat' dir='ltr'>affectionum</span> 
     </span>
     <span class='ocr_line' id='line_1_39' title="bbox 400 4361 2644 4446; baseline 0.001 -20"><span class='ocrx_word' id='word_1_359' title='bbox 400 4373 471 4426; x_wconf 90' lang='lat' dir='ltr'>et</span> <span class='ocrx_word' id='word_1_360' title='bbox 510 4361 673 4425; x_wconf 88' lang='lat' dir='ltr'>inde</span> <span class='ocrx_word' id='word_1_361' title='bbox 709 4363 1245 4442; x_wconf 85' lang='lat' dir='ltr'>cogitationum;</span> <span class='ocrx_word' id='word_1_362' title='bbox 1292 4382 1500 4445; x_wconf 88' lang='lat' dir='ltr'>quare</span> <span class='ocrx_word' id='word_1_363' title='bbox 1538 4363 1664 4426; x_wconf 91' lang='lat' dir='ltr'>nisi</span> <span class='ocrx_word' id='word_1_364' title='bbox 1702 4362 2094 4428; x_wconf 63' lang='lat' dir='ltr'>affectiones</span> <span class='ocrx_word' id='word_1_365' title='bbox 2131 4375 2202 4429; x_wconf 89' lang='lat' dir='ltr'>et</span> <span class='ocrx_word' id='word_1_366' title='bbox 2247 4366 2406 4428; x_wconf 88' lang='lat' dir='ltr'>inde</span> <span class='ocrx_word' id='word_1_367' title='bbox 2452 4367 2644 4446; x_wconf 85' lang='lat' dir='ltr'>cogi-</span> 
     </span>
     <span class='ocr_line' id='line_1_40' title="bbox 400 4455 2644 4541; baseline 0.001 -21"><span class='ocrx_word' id='word_1_368' title='bbox 400 4457 705 4520; x_wconf 88' lang='lat' dir='ltr'>tationes</span> <span class='ocrx_word' id='word_1_369' title='bbox 729 4455 1109 4536; x_wconf 89' lang='lat' dir='ltr'>spirituales</span> <span class='ocrx_word' id='word_1_370' title='bbox 1141 4467 1319 4532; x_wconf 92' lang='lat' dir='ltr'>sunt,</span> <span class='ocrx_word' id='word_1_371' title='bbox 1347 4476 1519 4539; x_wconf 91' lang='lat' dir='ltr'>quae</span> <span class='ocrx_word' id='word_1_372' title='bbox 1552 4458 1746 4521; x_wconf 90' lang='lat' dir='ltr'>unice</span> <span class='ocrx_word' id='word_1_373' title='bbox 1773 4458 2144 4522; x_wconf 87' lang='lat' dir='ltr'>formantur</span> <span class='ocrx_word' id='word_1_374' title='bbox 2169 4480 2257 4522; x_wconf 87' lang='lat' dir='ltr'>ex</span> <span class='ocrx_word' id='word_1_375' title='bbox 2291 4461 2644 4541; x_wconf 88' lang='lat' dir='ltr'>agnitione</span> 
     </span>
     <span class='ocr_line' id='line_1_41' title="bbox 402 4549 2644 4635; baseline 0.002 -23"><span class='ocrx_word' id='word_1_376' title='bbox 402 4549 704 4624; x_wconf 90' lang='lat' dir='ltr'>Domini,</span> <span class='ocrx_word' id='word_1_377' title='bbox 732 4560 813 4634; x_wconf 41' lang='lat' dir='ltr'>et·</span> <span class='ocrx_word' id='word_1_378' title='bbox 835 4570 926 4613; x_wconf 89' lang='lat' dir='ltr'>ex</span> <span class='ocrx_word' id='word_1_379' title='bbox 951 4549 1091 4614; x_wconf 91' lang='lat' dir='ltr'>vita</span> <span class='ocrx_word' id='word_1_380' title='bbox 1120 4551 1493 4614; x_wconf 88' lang='lat' dir='ltr'>secundum</span> <span class='ocrx_word' id='word_1_381' title='bbox 1524 4563 1895 4635; x_wconf 89' lang='lat' dir='ltr'>praecepta</span> <span class='ocrx_word' id='word_1_382' title='bbox 1926 4553 2162 4634; x_wconf 75' lang='lat' dir='ltr'>IpsiuS,</span> <span class='ocrx_word' id='word_1_383' title='bbox 2192 4573 2326 4616; x_wconf 93' lang='lat' dir='ltr'>non</span> <span class='ocrx_word' id='word_1_384' title='bbox 2359 4562 2644 4635; x_wconf 88' lang='lat' dir='ltr'>possunt</span> 
     </span>
     <span class='ocr_line' id='line_1_42' title="bbox 399 4643 2643 4728; baseline 0.001 -20"><span class='ocrx_word' id='word_1_385' title='bbox 399 4644 679 4708; x_wconf 86' lang='lat' dir='ltr'>admitti</span> <span class='ocrx_word' id='word_1_386' title='bbox 710 4644 777 4706; x_wconf 89' lang='lat' dir='ltr'>in</span> <span class='ocrx_word' id='word_1_387' title='bbox 801 4643 1095 4726; x_wconf 88' lang='lat' dir='ltr'>aliquam</span> <span class='ocrx_word' id='word_1_388' title='bbox 1127 4645 1529 4708; x_wconf 89' lang='lat' dir='ltr'>societatem</span> <span class='ocrx_word' id='word_1_389' title='bbox 1556 4645 1765 4726; x_wconf 80' lang='lat' dir='ltr'>caeli3</span> <span class='ocrx_word' id='word_1_390' title='bbox 1804 4657 2189 4728; x_wconf 87' lang='lat' dir='ltr'>repugnant</span> <span class='ocrx_word' id='word_1_391' title='bbox 2220 4648 2437 4726; x_wconf 89' lang='lat' dir='ltr'>enim;</span> <span class='ocrx_word' id='word_1_392' title='bbox 2487 4647 2643 4711; x_wconf 89' lang='lat' dir='ltr'>inde</span> 
     </span>
    </p>
   </div>
  </div>
 </body>
</html>
