3259 5384
962 706 1121 759 cAP.
1157 708 1309 772 x11.,
1344 709 1553 761 VERs.
1584 710 1808 779 9.--N.
1840 696 2093 783 739[b].
2485 714 2647 781 2071

386 875 589 940 horti
610 876 1021 954 comedant,
1048 880 1171 943 sed
1204 900 1341 945 non
1374 900 1465 943 ex
1498 882 1740 945 arbore
1766 883 2094 946 scientiae
2118 881 2281 946 boni
2313 892 2395 945 et·
2415 883 2578 946 mali
2601 882 2654 960 ;”

386 973 589 1053 quod
628 972 927 1054 peritura
956 973 1053 1036 sit
1091 983 1255 1037 tunc
1296 976 1633 1056 sapientia
1670 976 1994 1039 caelestis
2031 985 2103 1040 et
2141 977 2434 1040 ecclesia
2471 976 2653 1057 apud

384 1065 579 1139 illos,
618 1064 1041 1147 significatur
1076 1087 1198 1149 per
1230 1073 1271 1101 “
1296 1068 1375 1131 In
1414 1070 1524 1133 die
1560 1090 1695 1152 quo
1735 1071 1956 1133 ederis
1993 1090 2083 1133 ex
2121 1070 2260 1145 illa,
2295 1071 2651 1133 moriendo

386 1161 715 1222 morieris
740 1159 791 1237 ;''
832 1162 1249 1225 “comedere
1264 1160 1296 1188 ’⁹
1327 1164 1394 1225 in
1433 1183 1638 1226 sensu
1668 1164 1998 1246 spirituali
2029 1162 2370 1246 significat
2403 1183 2650 1245 appro-

385 1256 625 1336 priare
660 1256 823 1317 sibi:
870 1256 1053 1336 quod
1086 1257 1399 1321 sensuale
1430 1258 1782 1321 seduxerit
1819 1258 1997 1334 illos,
2032 1260 2189 1341 quia
2223 1258 2292 1337 id
2337 1260 2648 1340 proxime

384 1358 649 1412 exstat
680 1351 961 1426 mund0‚·
984 1360 1057 1413 et
1079 1352 1236 1415 inde
1263 1371 1466 1416 omne
1491 1353 1740 1435 volupe
1771 1363 1843 1416 et
1869 1352 2238 1434 jucundum
2272 1372 2362 1415 ex
2396 1354 2649 1415 mundo

382 1445 641 1519 sentit,
698 1462 788 1507 ex
844 1444 1085 1527 quibus
1136 1448 1203 1510 in
1259 1446 1543 1511 fallaciis
1598 1457 1726 1522 est,
1784 1467 1862 1510 ac
1917 1448 2190 1529 ignorat
2249 1459 2321 1511 et
2380 1467 2648 1529 quoque

385 1537 619 1618 rejicit
668 1538 1019 1614 caelestia,
1060 1540 1481 1622 significatur
1525 1562 1646 1623 per
1686 1548 2139 1623 “serpentem
2163 1541 2218 1619 ;'’
2263 1547 2306 1574 ‘⁴
2323 1562 2602 1624 serpens
2617 1542 2648 1566 ’'

388 1642 503 1695 est
554 1633 898 1708 sensuale,
938 1643 1011 1698 et
1057 1654 1194 1697 non
1242 1636 1423 1698 aliud
1462 1635 1779 1700 sensuale
1825 1655 2029 1718 quam
2077 1637 2375 1718 ipsorum
2401 1656 2418 1713 ;
2464 1636 2647 1719 quod

386 1746 689 1809 serpens
735 1729 822 1791 sit
864 1728 1231 1792 “diabolus
1277 1739 1349 1793 et
1396 1729 1737 1805 satanaS‚'’
1773 1739 1880 1793 est
1918 1731 2072 1812 quia
2110 1730 2424 1793 sensuale
2455 1749 2646 1793 com—

386 1822 709 1885 municat
736 1839 888 1885 cum
914 1823 1173 1887 inferno
1203 1842 1283 1887 ac
1318 1843 1523 1887 unum
1548 1824 1713 1888 facit
1745 1843 1898 1887 cum
1931 1824 2071 1898 ille,
2100 1824 2160 1887 ei
2193 1825 2372 1887 enim
2397 1824 2647 1888 insidet

385 1936 609 1979 omne
656 1915 924 1981 malum
982 1918 1277 1982 hominis
1335 1920 1403 1982 in
1463 1918 1874 2001 complexu;
1936 1928 2010 1982 et
2068 1920 2225 2001 quia
2283 1918 2494 1981 homo
2551 1938 2644 1981 ex

386 2008 702 2073 sensuali
748 2010 1193 2076 ratiocinatur
1236 2032 1327 2076 ex
1371 2010 1680 2088 fallaciiS,
1729 2022 1802 2077 et
1847 2033 1938 2076 ex
1977 2012 2290 2093 jucundis
2335 2031 2643 2075 amorum

387 2104 639 2167 mundi
665 2114 737 2167 et
763 2107 1084 2188 corporis,
1112 2115 1183 2169 et
1216 2107 1489 2189 quidem
1515 2107 1806 2170 solerter
1837 2116 1909 2170 et
1941 2116 2190 2182 astute,
2218 2106 2374 2169 ideo
2398 2107 2646 2169 dicitur

387 2217 688 2279 serpens
726 2204 1053 2263 “astutus
1099 2219 1260 2282 prae
1306 2201 1493 2264 omni
1536 2201 1678 2264 sera
1713 2202 1859 2282 agri
1895 2220 2098 2283 quam
2135 2201 2390 2264 fecerat
2432 2199 2642 2281 Jeho-

386 2292 533 2355 vah
575 2292 766 2355 Deus
789 2292 841 2371 ;”
886 2294 1083 2357 “fera
1118 2296 1265 2376 agri
1279 2294 1310 2319 ”
1346 2296 1413 2357 in
1453 2314 1656 2357 sensu
1693 2295 2023 2376 spirituali
2061 2293 2400 2375 significat
2438 2292 2642 2356 affec—

389 2386 666 2449 tionem
712 2387 1042 2450 naturalis
1088 2388 1419 2451 hominis:
1481 2389 1802 2470 quoniam
1850 2389 2162 2452 sensuale
2209 2397 2406 2470 putat
2460 2388 2643 2470 quod

388 2482 743 2563 sapientia
799 2491 1233 2564 comparetur
1290 2502 1412 2565 per
1469 2484 1905 2564 cognitiones
1963 2504 2002 2546 e
2063 2483 2340 2559 mund0‚
2393 2492 2465 2547 et
2524 2503 2644 2565 per

388 2576 728 2639 scientias
772 2575 1139 2652 naturaleS,
1179 2586 1251 2640 et
1299 2597 1435 2640 non
1483 2597 1602 2660 per
1647 2577 1941 2659 aliquem
1990 2576 2316 2639 influxum
2363 2598 2402 2639 e
2447 2578 2642 2641 caelo

388 2690 433 2733 a
482 2669 812 2744 Domine,
860 2670 1015 2734 ideo
1060 2691 1152 2734 ex
1206 2670 1326 2734 illa
1376 2672 1648 2734 inscitia
1699 2681 1770 2735 et
1824 2670 2092 2734 fallacia
2137 2672 2313 2734 dixit
2361 2691 2639 2753 serpens

388 2764 483 2827 ad
543 2764 919 2839 mulierem,
971 2764 1184 2828 “Non
1240 2766 1599 2841 morimini,
1649 2766 1805 2847 quia
1858 2766 2050 2828 novit
2105 2765 2291 2827 Deus
2335 2766 2518 2847 quod
2571 2766 2638 2827 in

389 2858 508 2921 die
554 2878 694 2939 quo
737 2859 959 2922 edatis
1005 2860 1091 2921 de
1138 2880 1245 2935 e0,
1294 2868 1366 2923 et
1425 2861 1815 2942 aperiantur
1860 2859 2038 2922 oculi
2085 2860 2316 2934 vestri,
2365 2868 2438 2923 et
2492 2860 2639 2923 sitis

389 2952 577 3015 sicut
628 2952 836 3027 Deus,
876 2953 1175 3016 scientes
1212 2951 1466 3016 bonum
1513 2963 1585 3017 et
1632 2953 1887 3016 malum
1913 2952 1964 3031 ;'’
2011 2953 2227 3016 credit
2264 2954 2445 3016 enim
2481 2973 2638 3017 sen—

390 3045 611 3109 sualis
650 3046 860 3109 homo
905 3046 1087 3129 quod
1125 3048 1356 3110 omnia
1392 3048 1588 3123 sciat,
1630 3056 1704 3111 et
1741 3047 1904 3110 nihil
1945 3067 2100 3109 eum
2139 3046 2396 3124 lateat;
2443 3066 2640 3109 secus

392 3158 479 3203 ac
520 3138 841 3203 caelestis
880 3139 1111 3215 hom0,
1151 3141 1265 3223 qui
1302 3142 1431 3204 scit
1470 3142 1653 3223 quod
1691 3140 1859 3204 nihil
1897 3142 2070 3205 sciat
2107 3161 2198 3203 ex
2246 3160 2340 3215 se,
2379 3140 2501 3203 sed
2547 3160 2640 3203 ex

392 3234 725 3309 DominO,
788 3243 859 3297 et
918 3234 1101 3316 quod
1156 3235 1370 3309 novit,
1419 3245 1565 3298 tam
1621 3255 1858 3317 parum
1916 3236 2028 3310 sit,
2084 3244 2158 3298 ut
2217 3236 2335 3298 vix
2389 3235 2640 3317 aliquid

390 3325 779 3410 respective
814 3328 901 3389 ad
938 3328 1005 3390 id
1042 3329 1225 3411 quod
1257 3349 1395 3391 non
1428 3330 1618 3392 novit
1645 3348 1660 3391 ε
1709 3330 1921 3392 immo
1951 3328 2239 3393 credidit
2271 3330 2639 3410 posteritas

392 3422 685 3485 illorum.
716 3422 899 3503 quod
945 3430 1178 3485 essent
1224 3423 1336 3497 dii,
1377 3432 1449 3486 et
1495 3422 1678 3505 quod
1724 3424 1978 3485 scirent
2021 3442 2224 3485 omne
2269 3422 2524 3485 bonum
2566 3432 2638 3486 et

394 3534 607 3578 omne
640 3516 933 3593 malum3
980 3524 1053 3579 at
1084 3536 1176 3579 ex
1210 3516 1393 3579 malo
1425 3533 1563 3580 non
1594 3517 2167 3598 scirepotuerunt
2203 3516 2455 3578 bonum
2482 3535 2636 3579 cae—

394 3609 599 3683 leste,
628 3610 747 3672 sed
774 3608 982 3673 modo
1006 3609 1261 3673 bonum
1289 3619 1611 3673 terrestre
1637 3620 1708 3673 et
1741 3628 2162 3692 corporeum,
2190 3610 2372 3691 quod
2405 3620 2639 3673 tamen

394 3706 465 3769 in
504 3726 581 3768 se
618 3724 758 3767 non
796 3714 905 3767 est
942 3705 1237 3782 bonum3
1293 3705 1414 3768 sed
1460 3726 1553 3768 ex
1600 3705 1786 3769 bono
1822 3703 2108 3768 caelesti
2145 3714 2381 3785 potest
2428 3704 2638 3767 homo

396 3799 575 3863 scire
621 3798 917 3862 malum.·
988 3798 1193 3881 Quod
1230 3798 1497 3863 affectio
1534 3800 1864 3864 naturalis
1901 3799 2196 3863 hominis
2233 3819 2552 3881 persuasa
2599 3820 2640 3863 a

397 3914 530 3957 suo
559 3893 857 3957 sensuali
888 3896 1230 3976 putaverit
1262 3914 1383 3977 per
1412 3895 1772 3958 scientiam
1805 3894 2276 3975 cognitionum
2308 3914 2346 3957 e
2384 3895 2638 3959 mundo

394 3987 937 4070 intelligentiam
974 3989 1042 4052 in
1080 3989 1279 4052 rebus
1312 3988 1482 4051 caeli
1520 3999 1592 4052 et
1630 3988 1962 4052 ecclesiae
1994 3988 2392 4070 comparari,
2428 3989 2638 4070 signi·-

398 4082 646 4147 ficatur
674 4102 796 4165 per
826 4082 1011 4165 quod
1044 4081 1345 4146 “viderit
1377 4082 1615 4146 mulier
1645 4082 1830 4164 quod
1861 4081 2044 4145 bona
2073 4083 2274 4146 arbor
2303 4082 2392 4146 ad
2423 4102 2634 4157 esum,

400 4186 477 4240 et
535 4177 723 4259 quod
781 4176 1170 4259 appetibilis
1228 4177 1465 4252 oculis,
1525 4196 1607 4241 ac
1667 4177 2136 4240 desiderabilis
2193 4176 2280 4239 ad
2339 4177 2638 4240 dandum

401 4270 939 4352 intelligentiam
963 4270 1017 4349 ;”
1062 4292 1181 4353 per
1230 4270 1686 4336 “mulierem'’
1737 4271 1846 4335 hic
1901 4269 2321 4353 significatur
2373 4269 2666 4335 affectio·

402 4365 737 4428 naturalis
781 4364 1098 4441 hominis,
1146 4386 1321 4449 quae
1366 4386 1488 4429 sua
1532 4366 1868 4429 desideria
1914 4366 2127 4429 trahit
2171 4386 2262 4429 ex
2316 4366 2635 4440 sensuali,

402 4470 473 4523 et
514 4461 636 4523 illa
672 4456 942 4523 affeistio
977 4460 1137 4523 talis
1173 4469 1321 4524 est:
1369 4462 1551 4543 quod
1596 4459 1716 4523 illa
1749 4456 2016 4523 affeetio
2054 4461 2262 4524 etiam
2289 4460 2638 4526 seduxerit

402 4554 758 4631 rationale,
820 4552 1250 4636 significatur
1314 4574 1437 4637 per
1498 4555 1682 4638 quod
1754 4554 2052 4618 “mulier
2117 4556 2479 4637 sumpserit
2546 4576 2637 4619 ex

401 4648 613 4715 fructu
647 4650 832 4714 illius
866 4651 1123 4715 arboris
1168 4660 1240 4716 et
1286 4652 1526 4728 ederit,
1565 4670 1646 4715 ac
1686 4651 1950 4715 dederit
1996 4651 2140 4715 viro
2185 4670 2310 4715 suo
2347 4640 2646 4727 secumst
