3259 5384
967 713 1130 764 CAP.
1163 712 1336 774 κη,
1371 713 1578 764 vens.
1619 711 1874 781 13.-N.
1908 696 2161 782 899[a].
2498 695 2668 780 ‘2433

427 900 578 948 rum
633 883 746 967 qui
799 883 1090 948 antehae
1141 885 1354 947 vitam
1409 883 1760 946 charitatis
1805 881 2159 945 vixerunt:
2218 879 2349 944 hoc
2404 899 2670 964 quoque

427 975 834 1060 intelligitur
865 999 984 1060 per
1018 978 1186 1041 haec
1224 977 1430 1040 verba
1476 977 1656 1058 apud
1693 976 2095 1052 Johannem,

527 1111 729 1162 “Nunc
757 1111 1014 1175 judicium
1044 1121 1128 1160 est
1155 1111 1340 1160 mundi
1375 1110 1549 1172 hujuS,
1581 1125 1725 1158 nunc
1754 1109 2003 1172 princeps
2034 1109 2217 1158 mundi
2244 1107 2405 1172 hujus
2434 1107 2675 1171 ejicietur

691 1177 868 1227 foras:
907 1176 1024 1238 Ego
1051 1191 1182 1226 vero
1211 1179 1256 1225 si
1284 1176 1549 1226 exaltatus
1579 1176 1733 1225 fuero
1758 1190 1791 1224 e
1827 1184 1982 1234 terra,
2012 1187 2204 1224 omnes
2234 1173 2441 1224 traham
2476 1173 2545 1223 ad
2582 1172 2673 1222 Me

693 1241 922 1306 Ipsum”
945 1242 1057 1300 (xii.
1081 1254 1162 1302 31,
1187 1244 1300 1302 32):

428 1364 502 1420 et
535 1355 667 1419 hoc
705 1363 1292 1436 repraesentatum
1329 1363 1438 1417 est
1476 1373 1596 1436 per

434 1495 450 1499 --
525 1463 685 1528 Quod
709 1463 866 1514 multi
889 1463 1222 1512 dormientes
1247 1457 1420 1512 saneti
1445 1461 1685 1512 suscitati
1708 1462 1832 1520 sint,
1850 1463 1945 1512 “et
1968 1471 2225 1513 exeuntes
2249 1477 2281 1513 e
2308 1463 2674 1512 monumentis

685 1529 803 1578 suis
821 1539 944 1591 post
961 1526 1408 1578 resurreetionem
1425 1526 1453 1547 '⁹
1471 1527 1695 1578 Domini
1711 1528 1987 1590 “ingressi
2004 1529 2189 1580 sintin
2208 1526 2453 1580 sanetam
2470 1530 2673 1586 urbem,

689 1601 744 1643 et
766 1593 1114 1658 apparuerint
1137 1593 1317 1643 multis
1337 1592 1364 1612 '’
1389 1592 1604 1654 (Matth.
1629 1593 1793 1642 xxvii.
1820 1605 1897 1654 52,
1920 1594 2031 1656 53);

431 1723 562 1788 sed
605 1725 693 1790 de
751 1725 878 1790 hac
937 1746 1010 1791 re
1071 1725 1266 1808 plura
1319 1725 1653 1800 dicentur,
1708 1717 1823 1790 ubi
1874 1725 1963 1788 de
2014 1723 2500 1790 resurreftione
2552 1745 2672 1789 seu

431 1829 652 1883 morte
674 1820 886 1902 prima
911 1829 982 1883 et
1007 1820 1308 1883 secunda
1331 1820 1397 1882 in
1417 1818 1857 1901 sequentibus
1882 1819 1947 1882 in
1967 1819 2395 1901 Apocalypsi.
2468 1819 2673 1901 Quod

433 1930 550 1993 per
590 1914 888 1980 “beatos
934 1923 1236 1977 mortuos
1251 1912 1282 1936 ”
1318 1923 1388 1976 et
1430 1913 1915 1988 “moriente8,”
1951 1915 2157 1978 etiam
2204 1912 2674 1996 intelligantur

434 2005 533 2072 illi
587 2007 700 2090 qui
757 2007 823 2070 in
882 2007 1094 2071 vitam
1141 2004 1574 2072 resurrecturi
1632 2007 1770 2070 sint
1830 2007 2139 2087 posthac,
2185 2009 2300 2090 qui
2344 2018 2503 2071 sunt
2560 2009 2673 2089 qui

431 2100 786 2164 charitatis
809 2102 1022 2164 vitam
1047 2101 1304 2174 vivunt,
1335 2112 1651 2164 constare
1678 2108 1907 2182 potest
1934 2121 2023 2164 ex
2049 2121 2152 2175 e0,
2182 2101 2361 2182 quod
2386 2101 2670 2176 dicatur,

435 2196 535 2259 “a
580 2194 817 2270 nunc‚”
853 2205 999 2263 tum
1044 2195 1224 2277 quod
1268 2194 1618 2258 “mortui”
1665 2204 1736 2258 et
1785 2196 2211 2259 “morientes
2234 2195 2285 2273 ;”
2330 2215 2535 2278 quare
2576 2200 2675 2260 “a

434 2308 611 2354 nunc
628 2289 660 2314 ”
683 2309 757 2352 se
787 2289 991 2352 refert
1025 2308 1162 2352 non
1189 2289 1394 2352 modo
1419 2287 1506 2350 ad
1539 2287 1665 2354 hos
1688 2289 1799 2372 qui
1831 2300 1987 2372 post
2012 2290 2325 2353 ultimum
2348 2288 2673 2372 judicium

434 2383 608 2448 tales
646 2391 825 2460 sunt,
861 2384 980 2446 sed
1019 2384 1225 2448 etiarn
1263 2384 1348 2446 ad
1389 2383 1540 2448 illos
1577 2385 1690 2466 qui
1727 2384 2017 2449 antehac
2056 2383 2231 2448 tales
2261 2384 2547 2458 fuerunt,
2589 2385 2676 2448 de

433 2479 670 2561 quibus
697 2497 862 2542 mox
887 2496 1106 2559 supra.
1198 2475 1402 2560 Quod
1432 2483 1470 2510 ‘⁸
1487 2498 1671 2542 mors
1686 2475 2067 2560 ”significet
2093 2475 2669 2550 resurreetionem‚

433 2583 504 2636 et
558 2572 740 2654 quod
800 2572 957 2635 inde
1014 2571 1365 2635 “mortui”
1417 2569 1803 2653 significent
1856 2582 2289 2656 resurgentes
2339 2572 2408 2635 in
2460 2573 2673 2636 vitam

430 2674 805 2740 aeternam,
833 2677 938 2730 est
963 2667 1119 2748 quia
1147 2670 1186 2698 “
1205 2685 1386 2729 mors
1403 2665 1432 2689 ”
1460 2665 1795 2748 significat
1821 2665 2174 2742 infernum,
2202 2677 2273 2730 et
2306 2666 2462 2730 inde
2496 2667 2677 2730 mala

431 2769 503 2826 et
540 2759 728 2836 salsa,
769 2771 841 2824 et
877 2761 1044 2824 haec
1086 2762 1407 2824 moritura
1446 2771 1603 2824 sunt
1642 2771 1717 2824 ut
1760 2760 1969 2824 homo
2005 2762 2216 2825 vitam
2256 2760 2673 2844 spiritualem

433 2855 764 2937 accipiat;
814 2875 970 2918 narn
998 2866 1364 2937 antequam
1397 2854 1513 2918 illa
1544 2863 1814 2919 mortua
1844 2865 1917 2919 et
1948 2853 2294 2920 exstineta
2323 2866 2503 2930 sunt,
2538 2875 2675 2918 non

431 2949 690 3012 homini
745 2958 852 3014 est
912 2950 1056 3012 vita
1108 2948 1492 3031 spiritualiS,
1541 2969 1715 3031 quae
1768 2959 1875 3013 est
1928 2969 2101 3032 quae
2154 2948 2557 3034 intelligitur
2608 2951 2674 3013 in

431 3038 670 3107 Verbo
706 3064 825 3126 per
865 3041 1196 3118 “vitam,”
1234 3062 1353 3125 per
1387 3044 1657 3106 “vitam
1694 3043 2103 3118 aeternam,'’
2134 3053 2205 3106 et
2244 3064 2363 3126 per
2396 3050 2673 3106 “resur-

434 3135 807 3202 reetionem
837 3135 891 3216 ;”
927 3157 1131 3221 quare
1164 3156 1283 3218 per
1317 3138 1543 3200 “mori
1560 3135 1590 3161 ”
1621 3137 1729 3201 hic
1761 3147 1832 3200 et
1863 3137 2020 3201 alibi
2056 3139 2123 3201 in
2158 3136 2391 3202 Verbo
2422 3136 2676 3202 intelli·

437 3233 621 3322 gitur
664 3229 1035 3295 exstinEtio
1081 3233 1261 3294 vitae
1307 3233 1637 3314 propriae,
1681 3251 1852 3314 quae
1897 3231 1965 3294 in
2012 3253 2084 3296 se
2130 3227 2441 3312 spefitata
2484 3232 2678 3294 unice

433 3347 527 3394 ex
582 3326 778 3390 malis
836 3335 906 3389 et
959 3325 1115 3389 inde
1170 3325 1353 3388 falsis
1407 3327 1760 3403 consistit;
1823 3337 1893 3390 et
1946 3327 2099 3409 quia
2151 3326 2311 3388 dum
2372 3325 2487 3388 illa
2538 3327 2680 3389 vita

435 3417 788 3484 exstineta
843 3429 972 3493 est,
1036 3419 1188 3483 loco
1247 3419 1387 3501 ejus
1443 3421 1655 3483 intrat
1706 3421 1848 3484 vita
1902 3418 2283 3502 spiritualiS,
2346 3418 2502 3483 inde
2561 3439 2681 3501 per

436 3519 800 3578 “mortuos
831 3514 899 3577 in
933 3511 1229 3576 Domino
1245 3513 1274 3537 ”
1309 3514 1401 3577 illi
1435 3515 1544 3596 qui
1577 3513 1959 3595 spirituales
1991 3511 2147 3579 fafiti
2178 3525 2336 3578 sunt
2368 3535 2409 3578 a
2442 3514 2679 3576 Domi·
2766 3518 2773 3530 “

434 3627 545 3683 no,
581 3606 1062 3690 significantur.
1153 3608 1506 3671 Praeterea
1544 3609 1610 3671 in
1649 3607 1978 3690 spirituali
2014 3627 2216 3670 sensu
2254 3627 2372 3688 per
2408 3609 2633 3671 “mori
2650 3608 2681 3634 '’

437 3713 672 3784 potest
731 3701 1020 3783 intelligi
1081 3699 1500 3776 resurre6tio,
1549 3703 1704 3784 quia
1760 3701 2007 3782 angeli,
2056 3701 2167 3783 qui
2226 3701 2291 3763 in
2354 3701 2679 3782 spirituali

435 3816 643 3861 sensu
692 3794 906 3859 Verbi
955 3806 1134 3870 sunt,
1183 3816 1317 3859 non
1378 3798 1599 3860 sciunt
1656 3795 1905 3878 aliquid
1955 3796 2041 3858 de
2094 3806 2313 3859 morte
2368 3797 2677 3872 naturali,

434 3891 652 3976 qualis
689 3900 797 3954 est
833 3890 1216 3954 hominibus
1252 3893 1364 3973 qui
1402 3891 1765 3966 decedunt,
1800 3889 1921 3953 sed
1954 3890 2038 3953 de
2076 3900 2296 3970 morte
2328 3890 2677 3971 spirituali,

435 3986 658 4070 qualis
689 3996 797 4050 est
833 3985 964 4048 illis
1001 3985 1112 4068 qui
1151 4005 1268 4066 per
1301 3987 1722 4050 tentationes
1760 4005 1801 4048 a
1838 3985 2135 4048 Domino
2172 3995 2677 4066 regenerantur,

436 4081 620 4162 apud
667 4099 838 4163 quos
882 4079 1248 4143 domantur
1291 4091 1362 4142 et
1411 4079 1610 4142 morti
1658 4080 1906 4143 dantur
1950 4077 2131 4142 rnala
2174 4087 2245 4142 et
2292 4079 2448 4142 inde
2494 4079 2679 4144 falsa.

439 4175 570 4239 Est
631 4193 901 4257 quoque
963 4193 1145 4236 mors
1198 4173 1523 4236 naturalis
1579 4193 1714 4236 non
1770 4172 1949 4238 aliud
2005 4192 2205 4254 quam
2258 4169 2677 4248 resurrectiO,

437 4271 763 4353 quoniam
809 4287 962 4333 cum
1010 4287 1252 4350 corpus
1297 4269 1579 4331 moritur
1621 4269 1833 4332 homo
1869 4266 2091 4350 quoad
2136 4268 2440 4348 spiritum
2488 4287 2679 4330 suum

439 4364 756 4446 resurgit,
791 4373 861 4427 et
899 4365 993 4426 sic
1033 4371 1137 4426 est
1177 4381 1358 4427 mors
1391 4362 1598 4427 modo
1628 4362 2054 4427 continuatio
2082 4362 2264 4425 vitae
2296 4361 2475 4442 ejus;
2524 4381 2678 4425 nam

438 4459 650 4522 homo
687 4477 806 4538 per
841 4467 1133 4521 mortem
1172 4478 1212 4520 a
1248 4458 1390 4519 vita
1427 4457 1494 4519 in
1531 4457 1792 4520 mundo
1823 4453 2111 4520 naturali
2148 4456 2574 4520 transcendit
2613 4457 2680 4519 in

435 4553 654 4618 vitam
691 4553 760 4616 in
799 4553 1055 4616 mundo
1091 4551 1440 4633 spirituali,
1476 4571 1627 4615 curn
1668 4549 2043 4632 differentia
2072 4550 2291 4617 solum
2323 4551 2503 4634 quod
2539 4551 2682 4614 vita

439 4647 508 4712 in
565 4646 824 4712 mundo
867 4645 1158 4711 naturali
1211 4647 1296 4710 sit
1345 4647 1488 4710 vita
1539 4645 1845 4710 exterior
1898 4654 1969 4710 et
2026 4641 2494 4728 imperfeftior,
2540 4647 2681 4710 vita
