3259 5384
617 702 654 750 2
663 687 784 769 358
1229 699 1737 754 APOCALYPSIS
1780 701 2236 754 expuens..

615 866 794 944 alba,
821 887 902 932 ac
936 889 1057 951 per
1085 868 1328 934 falcem
1360 870 1429 933 in
1461 888 1667 934 manu
1692 879 2003 934 metente
2033 880 2308 935 terram.
2396 867 2658 934 Similia
2680 889 2856 954 quae

615 963 684 1024 in
731 961 861 1026 hoc
901 964 1128 1044 capite
1165 964 1375 1029 etiam
1411 963 1893 1047 intelliguntur
1930 984 2051 1048 per
2088 965 2259 1028 haec
2308 965 2584 1028 Domini
2622 966 2854 1039 verba,

617 1057 796 1140 apud
831 1055 1278 1133 Mamaeum,

716 1204 942 1255 “Simile
970 1213 1056 1255 est
1080 1219 1308 1268 regnum
1337 1206 1609 1256 caelorum
1633 1206 1845 1256 homini
1872 1206 2163 1256 seminanti
2190 1208 2393 1256 bonnm
2422 1220 2610 1256 semen
2640 1206 2696 1254 in
2724 1219 2859 1268 agro

877 1285 1007 1328 suo:
1043 1271 1140 1320 sed
1163 1271 1290 1320 dum
1314 1271 1684 1320 dormiverant
1705 1272 1971 1330 homines,
1996 1274 2169 1320 venit.
2189 1272 2460 1321 ‚inimicus
2484 1281 2539 1321 et
2566 1272 2861 1321 seminavit

877 1336 1102 1385 zizania.
1123 1373 1136 1385 .
1155 1373 1192 1394 .,
1217 1349 1272 1385 et
1293 1337 1494 1392 abivit:
1529 1351 1651 1386 cum
1676 1351 1805 1387 vero
1830 1338 2153 1399 germinavit
2176 1337 2355 1396 herba,
2381 1347 2434 1386 et
2458 1334 2693 1386 {metum
2716 1337 2859 1394 fecit.

879 1411 1004 1450 tunc
1023 1411 1407 1463 apparuerunt.
1427 1401 1671 1452 ,zizania
1726 1401 1793 1450 Et
1808 1403 1976 1452 servi.
1997 1413 2376 1458 .accesserunt.
2392 1413 2446 1451 et
2458 1402 2727 1460 dixerunt,
2740 1439 2752 1451 .
2772 1439 2785 1450 .
2805 1438 2818 1451 .
2839 1438 2854 1450 .

875 1465 996 1516 Vis.
1016 1467 1298 1516 ,abeuntes
1317 1467 1635 1528 colligamus
1658 1467 1759 1517 ea?
1827 1465 1951 1529 Ipse
1973 1481 2104 1516 vero
2127 1468 2273 1526 dixit,
2297 1467 2436 1526 Non,
2456 1483 2527 1516 ne
2548 1467 2690 1516 forte
2715 1467 2863 1516 colli-

877 1541 1068 1594 gentes
1096 1532 1298 1580 zizania
1323 1533 1604 1582 eradicetis
1631 1533 1791 1582 simul
1820 1546 1941 1582 cum
1970 1533 2076 1582 illis
2112 1534 2379 1590 triticum:
2418 1533 2579 1582 sinite
2614 1533 2819 1594 potius.
2840 1569 2855 1580 .

877 1611 1115 1646 crescere
1145 1607 1364 1660 utraque
1392 1612 1560 1660 usque
1595 1598 1665 1646 ad
1700 1611 1967 1655 messem:
2008 1606 2061 1647 et
2096 1597 2152 1646 in
2188 1607 2431 1660 tempore
2460 1598 2654 1646 messis
2682 1598 2863 1646 dicam

879 1663 1225 1720 messoribus,
1251 1661 1501 1724 Colligite
1527 1663 1673 1724 prius
1698 1663 1916 1720 zizania,
1940 1673 1995 1712 et
2022 1663 2272 1726 colligate
2297 1679 2363 1712 ea
2390 1665 2445 1712 in
2474 1663 2765 1712 fasciculos
2792 1663 2865 1712 ad

877 1728 1302 1853 (comburencgum
1345 1743 1424 1786 ea,
1463 1729 1695 1777 triticum
1732 1743 1862 1777 vero
1896 1739 2221 1791 congregate
2255 1729 2311 1777 in
2345 1730 2598 1778 horreum
2636 1742 2819 1778 meum
2834 1725 2865 1746 ''

899 1793 1006 1841 xiii.
1033 1804 1196 1852 24-30
1235 1808 1248 1842 ε

620 1933 1026 2015 praedicitur
1056 1934 1268 1997 etiam
1302 1933 1392 1997 ibi
1429 1955 1470 1997 a
1503 1934 1804 1999 Domino
1836 1936 2182 2017 separatio
2212 1935 2550 1999 bonorum
2587 1955 2630 1998 a
2662 1933 2865 1998 malis

618 2026 840 2091 futura
879 2037 1188 2111 tempore
1220 2028 1440 2091 ultimi
1472 2027 1727 2109 judicii,
1761 2029 1944 2113 quod
1982 2029 2394 2112 intelligitur
2427 2049 2546 2110 per
2580 2035 2621 2061 ‘⁶
2644 2027 2865 2093 Sinite

620 2140 925 2185 crescere
964 2132 1248 2204 utraque
1287 2123 1373 2185 ad
1413 2142 1733 2198 messem,
1774 2133 1845 2186 et
1891 2124 1959 2187 in
1998 2133 2312 2205 tempore
2352 2123 2591 2186 messis
2637 2124 2865 2187 dicam

620 2216 1052 2291 messoribuS,
1103 2215 1428 2298 Colligite
1483 2218 1738 2282 zizania
1792 2217 1879 2280 ad
1934 2219 2467 2282 comburendum
2521 2238 2627 2291 ea,
2683 2217 2867 2282 triti·

621 2328 774 2371 cum
821 2330 984 2372 vero
1029 2320 1454 2393 congregate
1499 2312 1568 2374 in
1615 2311 1953 2375 horreum·
1981 2331 2208 2376 meum
2232 2311 2287 2374 :”
2340 2331 2462 2394 per
2502 2311 2822 2374 “zizania
2838 2311 2869 2335 ’⁹

623 2401 1100 2484 intelliguntur
1153 2402 1316 2467 mali
1363 2405 1474 2486 qui
1528 2414 1694 2468 tunc
1756 2405 1824 2468 in
1885 2405 2215 2469 infernum
2273 2405 2743 2486 conjicientur,
2794 2415 2867 2468 et

623 2516 744 2579 per
782 2497 1142 2561 “triticum
1160 2497 1190 2522 ”
1227 2497 1707 2581 intelliguntur
1744 2499 1927 2575 boni,
1968 2501 2079 2582 qui
2118 2501 2415 2582 separati
2461 2520 2504 2562 a
2549 2499 2749 2563 malis
2798 2501 2867 2562 in

623 2589 884 2653 caelum
907 2590 1356 2656 attollentur:
1399 2592 1642 2656 similia
1660 2603 1821 2656 sunt
1846 2613 2001 2656 cum
2026 2593 2131 2656 his
2156 2595 2223 2655 in
2250 2593 2380 2656 hoc
2402 2593 2631 2673 capite
2660 2591 2867 2673 (verS.

633 2697 702 2763 15
737 2693 808 2746 et
849 2683 977 2766 16),
1007 2684 1118 2746 ubi
1149 2685 1416 2760 dicitur,
1449 2691 1489 2718 ‘⁸
1510 2685 1725 2749 Venit
1759 2685 1912 2749 Tibi
1947 2686 2115 2750 hora
2146 2686 2474 2772 metendi,
2502 2687 2659 2769 quia
2692 2688 2868 2751 aruit

627 2778 865 2840 messis
895 2799 910 2854 ;
957 2787 1028 2841 et
1061 2778 1246 2842 misit
1277 2778 1526 2843 sedens
1557 2799 1757 2862 super
1784 2780 1960 2843 nube
1992 2780 2235 2844 falcem
2268 2800 2459 2843 suam
2493 2800 2695 2862 super
2726 2789 2867 2843 ter·

623 2889 791 2945 ram,
827 2882 899 2934 et
937 2872 1252 2935 demessa
1282 2882 1388 2936 est
1422 2883 1605 2937 terra
1622 2873 1653 2897 ’⁸
1690 2873 1917 2955 (seq.).
2008 2872 2142 2937 Cur
2174 2893 2310 2936 non
2347 2875 2527 2955 prius
2574 2875 2865 2954 separati

627 2975 785 3028 sunt
817 2965 978 3028 boni
1017 2986 1056 3028 a
1094 2966 1312 3042 maliS,
1348 2987 1549 3049 quam
1589 2976 1903 3050 tempore
1941 2965 2161 3030 ultimi
2192 2966 2443 3048 judicii,
2480 2986 2559 3030 ac
2598 2965 2761 3030 boni
2798 2969 2863 3030 in

627 3059 890 3122 caelum
938 3059 1211 3133 sublati,
1259 3070 1332 3125 et
1378 3061 1538 3124 mali
1585 3062 1654 3124 in
1700 3061 2033 3124 infernum
2079 3059 2392 3142 conjefti,
2442 3061 2755 3125 videatur
2799 3063 2865 3124 in

627 3151 955 3232 opusculo
997 3151 1100 3214 De
1150 3151 1400 3215 Ultimo
1441 3151 1726 3226 Judicio
1742 3173 1776 3226 ,⁰
1832 3161 1906 3215 et
1984 3173 2255 3234 quoque
2294 3172 2497 3234 supra
2542 3165 2613 3226 (n.
2646 3167 2867 3232 391[a],

628 3256 850 3321 392[a].
889 3257 1029 3320 394.
1067 3256 1208 3322 397·
1247 3257 1472 3320 411101.
1512 3257 1740 3321 413ta1.
1776 3241 2867 3323 4181a1.419[01.426.489>4-493·

625 3343 769 3409 497·
797 3329 942 3399 668·
971 3329 1116 3411 669.
1143 3331 1288 3411 676.
1316 3330 1462 3411 674.
1489 3331 1719 3412 675ῑα1.
1745 3331 1891 3412 676.
1922 3345 2093 3412 754).

746 3429 924 3512 850
933 3429 1076 3512 [α].
1126 3429 1246 3492 “ft
1273 3449 1430 3495 0000
1461 3431 1669 3512 aqam
1700 3437 1881 3494 etam
1914 3451 2106 3512 supet·
2136 3431 2333 3494 Monte
2368 3431 2864 3513 Sion.''—Quod

628 3522 965 3604 significet
989 3523 1449 3602 praesentiam
1471 3523 1749 3587 Domini
1772 3523 1843 3586 in
1872 3522 2045 3586 caelo
2073 3535 2139 3586 et
2166 3523 2235 3585 in
2258 3523 2525 3586 ecclesia
2548 3523 2647 3587 ad
2666 3534 2865 3604 sepa·

629 3615 920 3679 randum
967 3615 1162 3678 bonos
1207 3637 1250 3679 a
1294 3615 1516 3692 malie,
1563 3628 1628 3680 et
1669 3617 1769 3680 ad
1785 3617 2175 3697 faciendum
2197 3617 2549 3701 judicium,
2589 3627 2867 3682 constat

629 3729 719 3772 ex
745 3709 1243 3790 significatione
1270 3709 1569 3793 “Agni,”
1593 3712 1774 3794 quod
1808 3713 1897 3775 sit
1930 3712 2266 3775 Dominus
2293 3712 2517 3794 quoad
2545 3712 2867 3775 Divinum

633 3799 1028 3862 Humanum
1075 3816 1161 3874 (de
1185 3829 1286 3875 qua
1305 3816 1703 3882 supra,n.297,
1728 3819 1870 3882 314,
1896 3801 2419 3882 343,460.482);
2472 3822 2565 3865 ex
2608 3802 2863 3884 signifi·

632 3889 904 3953 catione
947 3891 1252 3966 “stare,”
1288 3891 1472 3972 quod
1508 3892 1598 3954 sit
1635 3911 1961 3973 praesens
1997 3912 2149 3955 esse
2185 3902 2256 3955 et
2302 3892 2625 3973 conjungi
2668 3909 2753 3966 (de
2774 3921 2873 3966 qna

629 3995 865 4054 sequitur)
891 4000 906 4056 ;
951 3991 1022 4042 et
1055 4001 1147 4042 ex
1179 3979 1688 4061 significatione
1717 3987 1756 4016 ‘⁴
1776 3983 2035 4044 montis
2060 3981 2347 4055 SioniS,''
2371 3982 2554 4063 quod
2586 3983 2675 4045 sit
2709 4002 2869 4046 cae·

633 4069 772 4134 lum
817 4079 888 4134 et
937 4071 1248 4146 ecclesia,
1298 4073 1410 4136 ubi
1458 4073 1793 4136 Dominus
1839 4093 1960 4156 per
2006 4074 2327 4137 Divinum
2376 4093 2570 4137 suum
2608 4073 2869 4138 Verum

631 4175 899 4247 regnat,
937 4176 1254 4231 constare
1289 4177 1519 4249 potest
1559 4189 1651 4231 ex
1689 4167 1857 4231 locis
1893 4171 1961 4232 in
1996 4168 2231 4232 Verbo
2262 4169 2371 4232 ubi
2410 4189 2609 4232 mons
2646 4169 2870 4234 Sionis

633 4261 1056 4324 nominatur:
1098 4271 1171 4324 at
1197 4261 1482 4342 primum
1505 4261 1757 4345 aliquid
1778 4264 2045 4327 dicetur
2070 4264 2156 4327 de
2177 4265 2567 4346 praesentia
2592 4263 2868 4328 Domini

633 4355 700 4417 in
747 4351 942 4417 caelo
987 4363 1058 4418 et
1109 4355 1176 4417 in
1221 4356 1513 4420 ecclesia
1559 4357 1647 4420 ad
1694 4359 2148 4438 separandum
2187 4359 2405 4421 bonos
2450 4377 2491 4420 a
2536 4357 2758 4434 malis,
2798 4369 2869 4424 et

633 4449 721 4512 ad
766 4447 1148 4511 faciendum
1187 4447 1530 4529 judicium.
1623 4449 1753 4515 Est
1800 4452 2185 4533 praesentia
2226 4451 2501 4515 Domini
2540 4462 2875 4534 perpetua

635 4543 704 4606 in
757 4543 1074 4606 universo
1118 4542 1334 4618 caelu,
1383 4564 1463 4608 ac
1518 4545 1586 4607 in
1642 4547 1957 4610 universa
2000 4547 2332 4624 ecclesia;
2396 4565 2553 4610 nam
2602 4547 2870 4611 caelum

637 4657 773 4701 non
807 4647 915 4700 est
953 4637 1216 4701 caelum
1254 4637 1344 4701 ab
1378 4638 1780 4720 angelorum
1812 4641 2086 4724 proprio
2120 4641 2231 4716 ibi,
2269 4660 2393 4705 nec
2430 4639 2724 4705 ecclesia
2761 4649 2869 4704 est
