3259 5384
954 643 1116 696 car.
1150 643 1337 706 xm„
1370 642 1580 697 vans.
1621 630 1880 696 16.—N.
1912 632 2055 714 837.
2453 647 2626 715 2339

398 813 678 895 paravit,
726 834 817 877 ex
862 813 1103 896 quibus
1146 812 1457 896 implevit
1504 814 1928 890 memoriam,
1978 833 2115 878 non
2163 815 2344 896 prius
2387 814 2626 878 vivunt

394 907 565 989 apud
611 907 823 982 illum,
864 927 1065 990 quam
1112 907 1272 971 dum
1318 907 1557 990 incipit
1602 906 1778 972 affici
1815 908 1992 972 veris
2045 909 2201 990 quia
2245 917 2405 972 sunt
2441 928 2624 982 vera,

392 1020 465 1064 ac
498 1001 735 1084 incipit
766 1001 945 1065 velle
977 1009 1049 1065 et
1080 993 1303 1066 ‘facere
1335 1001 1451 1064 illa
1478 1023 1493 1079 ;
1540 1003 1724 1084 prius
1756 1010 1915 1066 sunt
1948 1003 2154 1065 modo
2187 1012 2388 1066 extra
2411 1002 2626 1065 vitam

391 1095 698 1160 hominis,
794 1093 915 1176 (9.)
974 1095 1100 1159 Per
1135 1094 1317 1158 bona
1354 1115 1563 1178 opera
1598 1094 2077 1178 intelliguntur
2109 1096 2340 1158 omnia
2375 1104 2447 1158 et
2486 1095 2625 1157 sin-

390 1189 549 1272 gula
592 1209 766 1274 quae
812 1189 1023 1253 homo
1067 1188 1250 1265 facit,
1292 1199 1655 1273 postquam
1693 1201 2048 1254 aversatus
2091 1199 2198 1254 est
2245 1188 2427 1254 mala
2471 1190 2628 1272 quia

390 1293 543 1348 sunt
588 1293 879 1368 peccata
924 1293 1167 1348 contra
1213 1283 1456 1360 Deum,
1506 1293 1670 1348 tunc
1717 1285 1901 1347 enim
1949 1304 2086 1347 non
2131 1283 2423 1366 amplius
2467 1304 2510 1348 a
2553 1303 2628 1346 se

387 1379 503 1442 sed
556 1399 599 1442 a
655 1379 953 1442 Domino
1004 1377 1122 1440 illa
1179 1377 1339 1442 facit
1398 1387 1470 1442 et
1528 1387 1889 1459 operatur3
1952 1378 2154 1441 discit
2200 1379 2412 1442 etiam
2460 1387 2624 1442 tunc

386 1473 599 1538 indies
636 1473 795 1554 quid
842 1469 1137 1536 fac'turus
1184 1481 1331 1535 est:
1381 1471 1706 1539 discernit
1753 1472 1963 1536 etiam
2011 1472 2193 1535 bona
2238 1481 2308 1535 et
2355 1491 2624 1554 quoque

386 1567 583 1642 mala,
624 1577 698 1631 et
734 1567 907 1630 haec
940 1565 1111 1648 sugit
1147 1575 1220 1629 et
1258 1565 1376 1629 illa
1411 1565 1573 1629 facit
1610 1585 1766 1630 cum
1798 1566 2181 1648 prudentia,
2222 1565 2624 1648 intelligen-

388 1662 482 1725 tia
503 1671 575 1726 et
600 1661 957 1743 sapientia.
1049 1659 1241 1724 Haec
1278 1657 1461 1724 dic'ta
1490 1670 1650 1723 sunt
1681 1661 1768 1724 de
1801 1680 2053 1733 amore,
2083 1661 2194 1742 qui
2226 1659 2387 1724 facit
2413 1661 2627 1723 vitam

387 1759 721 1824 hominis:
772 1778 949 1822 nunc
990 1758 1253 1823 dicetur
1288 1758 1373 1822 de
1410 1757 1563 1822 fide.
1658 1757 1824 1842 (10.)
1895 1758 2184 1841 Antiqui
2223 1778 2360 1822 non
2407 1760 2626 1822 scive-

387 1864 541 1918 runt
580 1855 743 1936 quid
776 1853 966 1928 fides,
1002 1852 1123 1917 sed
1161 1873 1283 1935 pro
1320 1851 1451 1916 fide
1488 1853 1620 1916 illis
1659 1853 1783 1916 suit
1818 1853 2109 1931 veritas;
2155 1854 2408 1916 veritas
2445 1853 2627 1916 enim

388 1948 547 2012 dum
590 1957 921 2031 percepta
952 1956 1081 2021 est,
1120 1957 1240 2010 aut
1279 1943 1638 2010 intellectu
1673 1948 1839 2022 visa,
1881 1956 1952 2011 et
1990 1948 2084 2010 sic
2123 1948 2382 2028 agnita,
2422 1967 2514 2010 ex
2555 1967 2629 2009 se

387 2043 682 2106 creditur
711 2063 727 2120 ;
769 2061 975 2124 quare
1001 2040 1087 2105 de
1113 2040 1229 2104 illa
1253 2061 1391 2103 non
1416 2040 1547 2103 dici
1572 2050 1805 2123 potest
1825 2041 2007 2124 quod
2034 2042 2094 2105 ei
2121 2039 2288 2104 fides
2311 2040 2630 2104 habenda

388 2137 495 2211 sit,
536 2138 697 2219 quia
734 2134 903 2198 fides
938 2146 1044 2199 est
1091 2135 1158 2198 in
1196 2134 1351 2199 illa:
1409 2134 1583 2198 sicut
1620 2154 1745 2217 pro
1782 2134 2126 2218 exemplo,
2167 2135 2278 2217 qui
2315 2135 2383 2197 in
2420 2134 2628 2198 horto

386 2229 571 2295 videt
612 2229 924 2294 arborem
956 2248 1034 2292 ac
1072 2228 1327 2302 florem,
1366 2238 1439 2292 et
1476 2227 1654 2292 alter
1689 2225 1985 2292 dicturus
2023 2237 2228 2304 esset,
2261 2227 2444 2310 quod
2482 2246 2629 2290 cre-

386 2325 580 2388 deret
630 2343 751 2388 seu
795 2320 998 2386 fidem
1050 2323 1337 2387 haberet
1384 2321 1565 2405 quod
1612 2323 1814 2386 arbor
1857 2324 1944 2388 sit
1992 2332 2064 2386 et
2109 2322 2289 2406 quod
2337 2321 2461 2385 flos
2515 2322 2628 2397 sit,

387 2437 462 2482 ac
502 2417 667 2482 talis
705 2417 905 2480 arbor
942 2427 1014 2480 et
1051 2415 1211 2480 talis
1256 2416 1401 2492 flos,
1440 2436 1670 2480 annon
1715 2417 1892 2481 alter
1926 2437 2371 2500 responsurus
2417 2425 2624 2491 esset,

388 2510 571 2594 Quid
604 2511 775 2576 velis
808 2521 882 2574 ut
914 2509 1046 2574 hoc
1072 2511 1369 2585 credam,
1396 2518 1515 2574 aut
1546 2509 1687 2592 ejus
1711 2509 1914 2575 fidem
1947 2512 2260 2586 habeam,
2289 2512 2451 2574 dum
2484 2510 2628 2592 ipse

384 2605 633 2670 video?
724 2605 893 2668 Inde
945 2613 1052 2668 est
1106 2605 1287 2687 quod
1340 2604 1569 2686 angeli
1620 2605 1806 2668 tertii
1851 2606 2045 2681 caeli,
2094 2607 2251 2687 quia
2294 2626 2386 2668 ex
2444 2604 2630 2668 bono

386 2700 771 2782 percipiunt
809 2720 990 2775 vera,
1040 2697 1243 2762 fidem
1290 2719 1376 2762 ne
1421 2699 1694 2781 quidem
1739 2697 1954 2762 velint
1999 2700 2372 2774 nominare,
2420 2699 2630 2762 immo

388 2813 513 2858 nec
558 2795 732 2857 scire
769 2793 949 2876 quod
987 2794 1119 2856 sit:
1168 2801 1239 2856 et
1276 2792 1456 2874 quod
1504 2792 1733 2874 angeli
1779 2793 2059 2857 secundi
2104 2793 2296 2868 caeli,
2336 2794 2494 2876 quia
2536 2813 2629 2856 ex

384 2888 541 2953 luce
586 2889 751 2963 veri,
800 2909 931 2971 qua
985 2886 1366 2951 illustratur
1409 2885 1799 2952 intelle-stus
1853 2907 2110 2964 eorum,
2159 2889 2395 2952 vident
2440 2907 2625 2963 vera,

387 3003 517 3047 nec
567 2991 952 3064 agnoscant
989 3001 1231 3046 vocem
1276 2981 1450 3045 fidei.
1542 2981 1878 3045 Mirantur
1913 2991 1984 3046 et
2023 2981 2270 3056 rident,
2311 2980 2472 3045 dum
2509 3002 2629 3044 au·

384 3078 586 3141 diunt
626 3076 971 3140 dicentem
1008 3076 1189 3158 quod
1230 3072 1621 3139 intellectus
1658 3077 1784 3139 sub
1829 3076 2226 3139 obedientia·
2265 3073 2420 3138 fidei
2466 3095 2630 3158 cap-

386 3169 713 3235 tivandus
759 3171 870 3244 sit,
919 3179 990 3232 et
1038 3171 1219 3252 quod
1264 3168 1432 3233 fides
1478 3168 1795 3233 habenda
1839 3171 1928 3232 sit
1955 3189 2114 3234 .non
2159 3169 2502 3252 perceptis
2547 3189 2628 3234 ac

384 3285 529 3329 non
567 3265 770 3342 visis;
817 3263 1055 3327 dicunt
1084 3272 1246 3327 tunc
1280 3263 1461 3346 quod
1500 3264 1593 3325 sic
1628 3265 1846 3345 possit
1878 3263 2120 3326 salsum
2160 3264 2364 3338 credi,
2399 3283 2480 3327 ac
2512 3283 2633 3344 per

384 3357 948 3423 confirmationes
992 3358 1153 3440 poni
1197 3357 1372 3420 sicut
1428 3358 1495 3420 in
1550 3355 1722 3429 luce,
1771 3377 1848 3420 ac
1903 3359 2121 3439 ipsum
2166 3377 2399 3421 verum
2453 3358 2630 3420 sicut

382 3454 459 3516 in
493 3452 815 3526 tenebriS‚
850 3472 929 3516 ac
969 3453 1067 3515 ita
1098 3451 1236 3515 ludi
1270 3471 1423 3515 cum
1457 3471 1618 3514 vero
1652 3472 1772 3533 per
1799 3451 2041 3515 falsum
2075 3453 2252 3514 sicut
2283 3471 2436 3516 cum
2470 3450 2627 3533 pila.

388 3545 561 3632 (11.)
628 3544 923 3628 Quando
960 3546 1251 3609 mundus
1295 3566 1431 3609 non
1479 3545 1770 3628 amplius
1801 3546 2029 3610 videre
2067 3547 2293 3628 potuit
2333 3566 2492 3610 vera
2536 3566 2630 3610 ex

382 3661 627 3706 amore
672 3639 938 3704 illorum
987 3649 1058 3704 et
1110 3661 1200 3704 ex
1247 3639 1398 3704 luce
1442 3639 1734 3712 illorum,
1782 3660 1872 3703 ex
1918 3660 2003 3703 eo
2049 3641 2229 3723 quod
2282 3637 2441 3704 sacti
2491 3641 2632 3705 sint

386 3734 743 3800 naturales
796 3745 866 3798 et
925 3735 1217 3808 externi,
1268 3745 1430 3798 tunc
1492 3732 1660 3796 fides
1717 3734 2070 3798 incohavit
2134 3735 2487 3810 nominari,
2551 3753 2631 3800 ac

386 3850 599 3894 omne
664 3827 819 3892 fidei
884 3829 1112 3891 vocari
1176 3847 1432 3903 verum,
1502 3829 1782 3892 tametsi
1850 3848 1984 3891 non
2053 3837 2452 3911 perceptum
2513 3837 2633 3893 aut

386 3926 635 3998 visum,
684 3923 805 3986 sed
852 3922 1057 3985 modo
1109 3921 1521 3986 affirmatum
1580 3943 1623 3985 a
1680 3923 1976 4004 quodam
2023 3923 2499 4004 antesignanO,
2547 3943 2627 3987 ac

388 4017 871 4084 confirmatum
902 4037 943 4080 a
968 4016 1137 4080 locis
1168 4018 1235 4080 in
1258 4016 1493 4081 Verbo
1526 4037 1662 4080 non
1695 4013 2088 4081 intellectis.
2169 4017 2247 4081 In
2281 4016 2412 4080 hoc
2443 4025 2636 4081 statu

388 4123 552 4178 sunt
585 4111 795 4175 hodie
825 4109 1159 4174 ecclesiae
1191 4112 1256 4174 in
1290 4109 1682 4175 Christiano
1713 4111 1898 4186 orbe,
1933 4111 2001 4173 in
2036 4131 2318 4194 quarum
2351 4111 2635 4192 singulis

387 4207 693 4272 creditur
738 4205 921 4287 quod
978 4201 1379 4268 doctrinalia
1438 4203 1593 4268 fidei
1650 4224 1883 4269 eorum
1929 4224 2090 4268 vera
2151 4205 2310 4279 sint,
2369 4215 2442 4268 et
2502 4205 2632 4269 hoc

304 4339 311 4346 ·
390 4301 617 4367 solum
650 4321 742 4364 ex
775 4319 878 4376 eo,
907 4291 1086 4381 quod
1120 4300 1257 4362 sint
1288 4299 1617 4362 ecclesiae
1649 4301 1911 4382 patriae
1943 4318 2142 4362 suae:
2183 4299 2363 4382 quod
2397 4309 2633 4364 tamen

388 4416 603 4480 usque
637 4413 775 4458 non
810 4394 1219 4475 percipiatur
1250 4402 1366 4457 aut
1391 4393 1703 4457 videatur
1734 4413 1894 4457 num
1925 4394 2064 4457 sint
2091 4413 2272 4468 vera,
2307 4401 2503 4475 patet
2537 4414 2629 4456 ex

386 4511 493 4564 eo,
511 4487 700 4574 quod
726 4487 813 4550 de
838 4486 970 4550 illis
994 4487 1131 4550 sint
1156 4486 1663 4561 ventilationeS,
1681 4487 2234 4568 disceptationeS,
2253 4487 2632 4570 opiniones,

388 4584 713 4648 haereses
759 4581 827 4644 in
866 4581 1207 4644 communi
1246 4589 1316 4643 et
1356 4579 1743 4664 particulari
1788 4590 1933 4645 tam
1969 4579 2128 4644 foris
2172 4599 2376 4663 quam
2421 4581 2630 4644 domi.
