3259 5384
592 633 669 682 22
679 615 760 700 56
1209 629 1711 684 ArocALvPs1s
1756 629 2207 682 ExrucA'rA.

581 800 844 867 dicatur
871 797 1264 882 ‘redemptio
1295 821 1430 883 per
1467 801 1873 882 sanguinem
1920 801 2161 884 IpsiuS‚
2202 809 2349 865 erat
2395 800 2553 882 quia-
2596 797 2847 882 subju-

576 896 774 975 gatio
823 895 1254 970 infernorum,
1309 905 1382 959 et
1439 895 1639 960 simul
1693 894 2103 976 glorificatio
2166 895 2469 958 Humani
2523 895 2845 968 Domini,

579 1008 716 1052 non
754 987 952 1052 aliter
984 1004 1188 1071 quam
1221 1009 1342 1071 per
1372 991 1799 1053 tentationes
1836 989 1925 1054 ab
1958 989 2235 1053 infernis
2264 989 2332 1052 in
2374 988 2463 1053 Se
2494 989 2851 1052 admissas

579 1082 720 1146 fieri
757 1085 1004 1164 potuit,
1044 1101 1326 1165 quarum
1364 1085 1832 1148 tentationum
1878 1084 2119 1147 uitima
2154 1084 2277 1147 fuit
2322 1083 2551 1166 passio
2586 1082 2847 1146 erucis.

533 1169 536 1173 ⁴
580 1176 698 1240 Ex
723 1178 1028 1242 his’nunc
1051 1189 1372 1243 constare
1401 1187 1632 1260 potest
1658 1179 1839 1261 quod
1875 1179 2209 1242 Dominus
2232 1198 2371 1242 non
2397 1179 2466 1241 in
2488 1177 2850 1241 mundum

577 1273 840 1335 venerit
895 1281 969 1336 ut
1029 1273 1433 1356 propitiaret
1495 1273 1791 1346 Patrem,
1849 1293 1929 1336 ac
1992 1283 2067 1336 ut
2128 1273 2361 1354 Ipsum
2420 1272 2507 1335 ad
2566 1269 2849 1334 miseri-

579 1367 883 1431 cordiam
921 1377 1414 1442 commoveret,
1457 1387 1580 1431 nec
1618 1377 1695 1430 ut
1744 1377 2051 1449 portaret
2086 1367 2485 1449 iniquitates
2531 1377 2847 1442 nostras,

575 1471 648 1525 et
685 1461 778 1523 sic
816 1461 1108 1526 auferret
1147 1461 1338 1539 illas3
1385 1481 1516 1525 nec
1559 1471 1635 1526 ut
1682 1461 2103 1525 salvaremur
2138 1481 2259 1543 per
2294 1461 2845 1542 imputationem

577 1555 801 1618 meriti
848 1553 1085 1636 Ipsius,
1129 1575 1252 1619 nec
1301 1575 1421 1638 per
1465 1557 2055 1632 intercessionem,
2106 1575 2233 1618 nec
2280 1575 2403 1637 per
2446 1555 2849 1617 misericor-

577 1649 756 1713 diam
803 1649 1311 1726 immediatam;
1378 1661 1881 1732 consequenter
1926 1669 2065 1712 non
2111 1647 2482 1731 per-fidem
2528 1646 2845 1722 illorum,

575 1743 798 1806 minus
841 1741 1313 1824 perfiduciam
1351 1743 1528 1806 illius
1563 1743 1741 1820 fidei,
1782 1745 1939 1826 quia
1962 1741 2219 1807 fiducia
2256 1742 2623 1806 confirmat
2662 1741 2849 1804 talia

577 1857 750 1918 quae
789 1856 926 1900 non
969 1857 1132 1900 vera
1176 1847 1356 1911 sunt,
1395 1839 1494 1900 ita
1529 1857 1705 1919 quae
1742 1857 1881 1901 non
1928 1837 2083 1900 fidei
2128 1842 2346 1901 eru'nt.
2452 1835 2847 1918 Qui-novit

584 1951 704 1994 cur
743 1929 1076 1994 Dominus
1119 1930 1192 1993 in
1237 1932 1564 1996 mundum
1600 1933 1813 2006 venit,
1853 1940 1927 1995 et
1965 1931 2149 2013 qnod
2194 1931 2549 1994 salventur
2584 1949 2848 1992 omnes

577 2025 691 2106 qui
740 2024 1028 2088 credunt
1079 2033 1152 2088 et
1207 2025 1464 2088 faciunt
1511 2045 1685 2107 quae
1731 2025 1987 2100 docuit,
2034 2025 2123 2088 ab
2176 2024 2361 2106 Ipso,
2410 2033 2482 2087 et
2535 2023 2747 2086 simul
2800 2043 2847 2087 a

581 2118 781 2182 Patre
837 2119 904 2182 in
967 2119 1148 2201 Ipso,
1207 2129 1282 2184 et
1339 2139 1476 2182 non
1523 2139 1576 2182 -a
1638 2119 1842 2183 Patre
1897 2127 2219 2200 separato
2272 2119 2362 2182 ab
2424 2118 2607 2199 Ipso,
2670 2114 2839 2200 [illi]

575 2222 896 2276 constare
959 2222 1192 2295 potest
1247 2213 1430 2294 quod
1485 2213 1679 2295 plura
1732 2231 1824 2276 ex
1878 2212 2033 2287 illis,
2096 2232 2271 2294 quae
2326 2212 2683 2275 antistites
2752 2212 2844 2275 de

577 2307 1052 2390 redemptione
1097 2308 1374 2382 docent,
1413 2307 1616 2371 aliter
1653 2327 1857 2390 quam
1902 2306 2277 2370 secundum
2318 2325 2555 2369 eorum
2602 2306 2842 2388 expii·

578 2401 922 2466 cationem
969 2401 1418 2480 intelligenda
1464 2403 1621 2464 sint.
1734 2399 1934 2482 Quod
1982 2400 2317 2464 Dominus
2360 2399 2841 2481 subjugaverit

577 2493 857 2570 inferna,
917 2495 1126 2558 docet
1187 2495 1342 2577 Ipse
1403 2514 1558 2558 cum
1612 2495 1919 2560 instabat
1978 2495 2207 2577 passio
2265 2495 2485 2558 crucis
2505 2493 2843 2576 1—-Apud

580 2587 978 2664 Jokamrem,

679 2715 876 2766 “Nunc
904 2715 1160 2778 judicium
1188 2725 1272 2766 est
1299 2718 1485 2766 mundi
1513 2717 1690 2780 huius,
1716 2729 1863 2766 nunc
1890 2717 2139 2780 princeps
2172 2713 2359 2766 mundi
2392 2715 2555 2778 hujus
2582 2713 2843 2778 ejicietur

841 2781 988 2832 foras
1004 2782 1032 2846 '.'
1055 2782 1166 2844 (xii.
1196 2794 1275 2844 27,
1301 2784 1380 2842 28,
1405 2783 1520 2846 31);

581 2897 760 2978 apud
794 2897 1112 2972 eundem,

1097 2997 1421 3058 “Confidite,
1450 2997 1566 3062 Ego
1592 2998 1693 3048 vici
1718 2995 2021 3048 mundum⁵⁰
2044 2995 2169 3059 (xvi.
2196 2993 2280 3059 33)
2298 3010 2316 3058 ς·
2386 2991 2393 2998 ’

585 3103 770 3186 apud
801 3101 1069 3179 Lucam,

693 3219 840 3270 Dixit
862 3219 1076 3284 Jesus,⁸
1081 3219 1229 3271 ‘Vidi
1256 3219 1509 3272 Satanam
1538 3218 1677 3270 sicu't
1706 3221 1910 3270 fulmen
1935 3235 1966 3270 e
1989 3220 2139 3270 caelo
2162 3219 2486 3270 cadentem”
2510 3217 2582 3284 (x.
2612 3219 2733 3284 18);

581 3346 768 3429 apud
803 3345 1116 3420 Esaiam,

681 3461 856 3528 “Quis
881 3464 965 3513 hic
989 3461 1137 3513 venit
1160 3477 1229 3514 ex
1263 3463 1476 3523 Edom„
1530 3463 1843 3514 &incedens
1878 3465 1933 3512 in
1970 3461 2307 3514 multitudine
2336 3465 2544 3513 roboris
2580 3463 2762 3516 suii'..

841 3543 1071 3592 magnus
1087 3531 1154 3578 ad
1173 3529 1532 3590 salvandum„
1586 3531 1871 3580 ..salutem
1894 3531 2159 3592 praestitit
2180 3529 2316 3579 Mihi
2334 3530 2609 3579 brachium
2628 3545 2839 3590 meunt

951 3595 1096 3643 .ἰάεο
1131 3592 1304 3644 factus
1341 3605 1424 3644 est
1457 3565 1566 3644 il’lis
1597 3595 1651 3643 in
1690 3594 2073 3644 Salvatorem”
2096 3593 2272 3662 (pxiii.
2316 3607 2359 3656 1,
2396 3607 2441 3656 5,
2476 3595 2537 3656 8;
2587 3595 2842 3646 videatur

844 3657 1032 3724 etiam]
1059 3659 1147 3710 lix.
1176 3659 1372 3722 16-21).

587 3785 928 3868 Quoniam
963 3783 1295 3850 Dominus
1327 3785 1809 3868 subjugaverat
1841 3786 2121 3862 inferna,
2148 3786 2303 3851 ideo
2327 3786 2519 3851 dedit
2541 3797 2835 3870 septua-

581 3883 780 3962 ginta
816 3878 1162 3964 discipulis

1062 4009 1388 4060 Pooestatem
1413 4021 1576 4072 super
1595 4010 1884 4060 daemonia
1906 4009 2053 4072 (Luc.
2076 4023 2128 4060 x.
2160 4020 2237 4070 17,
2270 4009 2367 4072 19).

586 4115 788 4224 Quod
851 4131 1182 4206 Dominus
1241 4139 1721 4223 glorificaverit
1786 4139 2179 4204 Humanum
2238 4155 2454 4213 suum,
2510 4147 2582 4203 et
2644 4139 2833 4224 quod

585 4237 812 4319 passio
858 4234 1072 4298 crucis
1118 4235 1332 4300 suerit·
1362 4234 1605 4298 ultima
1653 4235 1951 4300 tentatio
1997 4243 2067 4298 et
2116 4233 2319 4317 plena
2356 4231 2663 4310 victoria,
2710 4254 2836 4318 per

585 4349 787 4413 quam
825 4329 990 4392 illud
1027 4327 1458 4411 glorificavit,
1493 4330 1700 4392 docet
1742 4328 1895 4410 Ipse
1942 4328 2120 4412 apud
2152 4327 2554 4404 Johannem‚

682 4463 1065 4527 “”Postquam
1099 4463 1320 4529 Judas‘
1325 4464 1532 4523 ‘exivit
1572 4464 1705 4513 dixit
1742 4461 1920 4530 Jesus,
1964 4463 2118 4512 Nunc
2163 4463 2491 4526 giorificatus
2530 4472 2617 4513 est
2666 4463 2831 4514 Filius

845 4530 1081 4579 hominis
1085 4567 1225 4588 .....
1237 4539 1291 4578 et
1339 4529 1486 4580 Deus
1531 4529 1846 4591 glorificabit
1893 4529 2077 4592 Ipsum
2125 4529 2180 4579 in
2228 4529 2296 4578 Se
2349 4528 2492 4592 Ipso,
2538 4538 2594 4579 et
2644 4529 2829 4580 statim

847 4595 1168 4659 glorificabit
1193 4594 1422 4660 Ipsum”
1449 4594 1578 4658 (xiii.
1604 4607 1682 4656 31,
1703 4595 1819 4658 32),
