3259 5384
657 643 830 723 2064
1279 653 1781 706 APOCALYPSIS
1826 653 2277 706 EXPLICATA.

653 823 872 898 caelo,
931 831 1005 886 et
1063 823 1286 886 minus
1343 822 1641 906 aliquem
1702 823 1927 886 locum
1990 823 2083 887 ibi
2140 823 2445 902 habent;
2509 843 2717 907 quare
2774 845 2895 908 per

657 917 1090 980 “draconem
1141 926 1214 980 et
1264 916 1409 999 ejus
1459 917 1801 999 angelos”
1844 917 2333 998 intelliguntur
2382 919 2497 1001 qui
2546 918 2772 982 Deum
2822 929 2894 982 et

654 1010 1030 1074 Dominum
1065 1021 1478 1092 agnoscunt,
1511 1031 1592 1074 ac
1636 1011 1941 1074 Verbum
1973 1011 2289 1074 sanetum
2318 1011 2582 1088 dicunt,
2614 1022 2688 1076 et
2724 1034 2894 1096 quo—

655 1125 786 1186 que
830 1124 956 1186 pro
990 1104 1290 1168 ecclesia
1327 1113 1398 1168 et
1435 1104 1580 1186 ejus
1616 1103 1932 1168 doctrina
1967 1115 2186 1179 stant,
2224 1105 2348 1168 sed
2392 1107 2617 1170 solum
2660 1127 2781 1170 ore
2823 1118 2895 1170 et

654 1217 794 1262 non
817 1198 1066 1262 corde:
1099 1198 1283 1281 quod
1306 1217 1445 1262 non
1467 1199 1699 1273 corde,
1722 1207 1829 1261 est
1855 1199 2011 1281 quia
2040 1197 2232 1260 nihili
2253 1198 2511 1263 faciunt
2535 1201 2749 1262 vitam
2777 1221 2793 1278 ;
2824 1209 2895 1262 et

653 1292 767 1374 qui
796 1291 988 1355 nihili
1019 1291 1278 1356 faciunt
1309 1293 1544 1365 vitam,
1577 1290 1678 1354 illi
1714 1293 1999 1355 interius
2036 1290 2294 1355 diaboli
2330 1301 2513 1368 sunt,
2548 1303 2895 1377 utcunque

655 1386 965 1448 exterius
989 1387 1166 1449 sicut
1196 1384 1425 1467 angeli
1449 1395 1743 1467 possunt
1766 1405 2119 1466 apparere.
2190 1384 2362 1449 Inde
2394 1395 2713 1450 constare
2738 1395 2895 1468 pot-

655 1488 764 1542 est
788 1480 972 1561 quod
998 1499 1119 1560 per
1141 1480 1570 1561 agnitionem
1596 1478 1729 1542 Dei
1753 1488 1824 1541 et
1851 1478 2153 1552 Domini,
2178 1498 2257 1542 ac
2284 1499 2406 1562 per
2430 1476 2803 1544 leftionem
2826 1488 2897 1543 et

656 1573 1248 1654 praedicationem
1270 1571 1508 1647 Verbi,
1531 1571 1841 1636 exterius
1864 1571 2211 1654 conjuncti
2230 1573 2480 1636 suerint
2502 1572 2701 1636 caelo
2726 1594 2743 1651 3
2774 1573 2898 1636 sed

655 1665 813 1748 quia
864 1685 1142 1748 prorsus
1193 1685 1334 1729 non
1382 1666 1709 1729 vixerunt
1760 1665 2137 1728 secundum
2190 1665 2447 1749 aliquid
2500 1665 2782 1728 Domini
2830 1666 2899 1729 in

659 1758 918 1836 Verbo,
970 1759 1258 1822 interius
1315 1757 1665 1840 conjuncti
1719 1758 1972 1823 suerint
2022 1759 2311 1822 inferno,
2418 1759 2512 1822 Hi
2559 1770 2900 1823 vocantur

658 1852 1031 1916 “diabolus
1078 1861 1154 1916 et
1203 1861 1490 1917 satanas
1506 1851 1539 1876 ”
1583 1853 1744 1934 quia
1792 1863 2423 1935 conspurcaverunt
2474 1873 2639 1916 vera
2680 1851 2899 1916 Verbi

655 1966 775 2027 per
811 1947 1026 2011 vitam
1061 1947 1315 2010 amoris
1357 1946 1459 2009 sui
1501 1955 1575 2010 et
1609 1947 1863 2010 amoris
1898 1947 2157 2021 mundi,
2197 1956 2268 2011 et
2314 1967 2434 2028 per
2478 1946 2685 2022 mala,
2722 1965 2901 2029 quae

656 2060 746 2104 ex
783 2039 1132 2103 amoribus
1167 2039 1326 2115 illis,
1363 2039 1544 2103 sicut
1577 2039 2035 2121 scaturigines
2070 2061 2162 2104 ex
2198 2039 2503 2104 fontibus
2538 2041 2699 2116 suis,
2738 2060 2898 2122 pro-

656 2132 1026 2209 fluxerunt,
1071 2143 1145 2198 et
1195 2133 1360 2216 quia·
1404 2151 1685 2197 sensum
1732 2132 2112 2196 litteralem
2156 2133 2371 2197 Verbi
2414 2134 2899 2216 applicuerunt

656 2227 744 2290 ad
795 2225 1338 2290 confirmandum
1390 2225 1606 2290 talem
1656 2227 1917 2305 vitam3
1980 2236 2055 2290 et
2105 2227 2218 2309 qui
2270 2227 2447 2291 tales
2496 2235 2682 2303 sunt,
2735 2247 2899 2309 prae

655 2320 934 2403 reliquis
963 2330 1124 2383 sunt
1155 2329 1542 2403 serpenteS,
1572 2320 1730 2403 quia
1760 2319 1915 2402 plus
1946 2321 2137 2384 noxii
2166 2339 2373 2402 quam
2402 2320 2559 2398 alii;
2606 2329 2899 2402 possunt

657 2415 838 2477 enim
875 2413 1222 2496 simplices
1257 2413 1502 2490 bonos,
1540 2414 1655 2496 qui
1697 2414 1767 2477 in
1812 2414 2058 2478 ultimo
2092 2414 2290 2478 caelo
2326 2423 2511 2490 sunt,
2547 2415 2616 2477 in
2662 2424 2899 2496 partes

655 2527 816 2570 suas
866 2506 1164 2582 trahere,
1216 2507 1548 2589 imprimis
1598 2527 1721 2589 per
1771 2508 1940 2571 talia
1990 2527 2165 2590 quae
2221 2528 2314 2570 ex
2360 2527 2567 2570 sensu
2620 2507 2898 2571 litterae

657 2599 875 2662 Verbi
937 2601 1376 2681 depromunt,
1443 2610 1515 2664 et
1579 2610 2006 2682 pervertunt.
2110 2599 2317 2682 Quod
2380 2600 2651 2665 dicatur
2710 2601 2899 2682 quod

661 2693 842 2756 “visi
879 2693 1017 2756 sint
1053 2694 1124 2756 in
1168 2692 1425 2769 caelo,”
1455 2703 1528 2756 et
1564 2694 1657 2756 ibi
1697 2700 1911 2756 “cum
1948 2693 2293 2756 Michaele
2330 2703 2403 2758 et
2437 2713 2593 2756 cum
2629 2693 2900 2775 angelis

657 2785 801 2867 ejus
836 2786 1360 2868 pugnaverint,”
1397 2797 1504 2852 est
1548 2788 1708 2870 quia
1744 2785 2055 2851 Verbum
2093 2785 2456 2868 conjunxit
2500 2808 2621 2850 eos
2663 2787 2897 2862 caeliS‚

657 2900 819 2944 nam
855 2879 1250 2963 conjunctio
1284 2881 1641 2944 hominum
1678 2899 1833 2944 cum
1870 2881 2080 2944 caelis
2116 2891 2224 2944 est
2260 2901 2383 2964 per
2419 2879 2773 2958 Verbum;
2824 2889 2901 2944 at

657 2993 812 3038 cum
855 2974 1410 3038 animadversum
1463 2983 1571 3038 est
1622 2975 1807 3057 quod
1858 2976 1925 3038 in
1976 2973 2129 3037 aliis
2178 2973 2649 3039 affectionibus
2691 2993 2901 3057 quam

656 3068 1077 3133 caelestibus
1105 3079 1364 3144 essent,
1390 3088 1427 3131 e
1459 3066 1657 3133 caelo
1688 3067 1934 3150 dejecti
1966 3077 2147 3132 sunt.
2233 3067 2496 3132 Verum
2528 3069 2708 3131 enim
2731 3088 2902 3132 vero

657 3171 1028 3244 postquam
1065 3162 1382 3225 ultimum
1411 3161 1741 3242 judicium
1778 3161 2133 3245 peractum
2170 3172 2303 3236 est,
2342 3172 2505 3227 tunc
2550 3163 2901 3246 provisum

658 3265 730 3320 et
767 3256 1162 3320 ordinatum
1203 3265 1312 3320 est
1357 3276 1396 3320 a
1441 3256 1747 3320 Domino
1792 3267 1867 3319 ut
1912 3257 2204 3338 posthac
2249 3276 2457 3320 nemo
2500 3275 2656 3319 cum
2700 3257 2903 3320 caelo

658 3349 1212 3430 conjunctionem
1250 3349 1509 3413 habeat
1545 3369 1753 3432 quam
1797 3350 1910 3433 qui
1953 3351 2019 3412 in
2062 3348 2400 3434 spirituali
2436 3349 2567 3413 fide
2611 3357 2766 3426 est3
2818 3368 2900 3414 ac

658 3443 1031 3526 spiritualis
1093 3441 1262 3508 fides
1324 3453 1767 3525 comparatur
1836 3464 1957 3525 per
2017 3444 2235 3507 vitam
2297 3443 2671 3506 secundum
2733 3462 2903 3506 vera

658 3535 898 3614 Verbi,
945 3557 1120 3620 quae
1171 3537 1318 3599 vita
1366 3548 1656 3601 vocatur
1705 3537 2025 3600 charitas.
2114 3537 2270 3601 Hoc
2325 3556 2501 3600 nunc
2553 3544 2661 3599 est
2711 3535 2901 3618 quod

659 3630 1082 3712 significatur
1125 3650 1247 3713 per
1296 3630 1480 3713 quod
1530 3631 1798 3694 “draco
1848 3650 2002 3694 cum
2054 3631 2323 3712 angelis
2372 3632 2511 3694 suis
2555 3627 2901 3712 projectus

660 3725 749 3788 sit
791 3725 860 3789 in
895 3723 1215 3801 terram,”
1251 3733 1324 3788 et
1361 3722 1547 3807 quod
1588 3731 1787 3787 “non
1825 3724 2018 3788 locus
2052 3723 2347 3807 amplius
2382 3743 2620 3787 eorum
2654 3724 2902 3788 inven-

661 3825 772 3881 tus
808 3819 898 3881 sit
933 3819 1002 3882 in
1032 3817 1290 3882 caelo.”

1642 4077 1849 4116 msus
1882 4079 1932 4130 9.

830 4173 974 4258 380
1005 4195 1098 4238 “ft
1118 4195 1342 4248 mojam·
1369 4198 1442 4239 oct
1465 4199 1600 4238 draco
1624 4195 1701 4239 m·
1726 4207 1923 4248 mannua.
1942 4195 2017 4239 mo
2042 4207 2229 4248 arms
2249 4197 2471 4250 anaqam.
2495 4199 2676 4241 σοοιιευο
2696 4197 2902 4242 alamus

651 4256 770 4363 xm
787 4283 942 4356 um.
945 4255 1163 4298 nemu
1179 4257 1428 4299 animumn
1445 4257 1605 4305 orben.
1624 4257 1853 4308 »meatu
1870 4258 1943 4299 ut
1962 4256 2009 4299 ln
2029 4259 2211 4306 terram,
2230 4258 2278 4298 et
2296 4258 2444 4309 mee!
2458 4257 2559 4309 ψη
2578 4267 2676 4300 unu
2695 4257 2771 4301 mo
2790 4269 2903 4308 no-

725 4439 775 4491 9.
813 4425 1456 4507 ·E'tpmloetqcoeedmeo
1470 4427 1558 4479 m·
1573 4425 2907 4509 mnne.i!nmpmmrtquuo.·t¹1ngnffieuquod

919 4494 1146 4558 asperati
1172 4509 1202 4544 e
1229 4495 1360 4544 caelo
1379 4511 1443 4544 ac
1448 4495 1641 4574 defeat·
1669 4495 1729 4544 in
1750 4496 1809 4544 in
1928 4497 2118 4544 κακῶ
2150 4496 2246 4561 qui
2274 4497 2335 4546 in
2366 4495 2517 4546 aa&
2534 4497 2675 4546 νῖκαι
2689 4503 2833 4554 sunt,
2854 4503 2905 4546 et

923 4561 1044 4610 inde
1060 4560 1462 4627 semeles-fiai
1476 4567 1614 4620 sunt,
1636 4577 1670 4608 a
1692 4577 1779 4638 φα
1812 4577 1869 4610 us
1891 4561 2062 4610 omnia
2100 4561 2246 4611 Verbi
2262 4569 2312 4612 et
2332 4563 2405 4612 sic
2422 4561 2899 4642 eeclemepfrversa

920 4631 1047 4678 me
1075 4625 1154 4694 [n.
1179 4625 1337 4693 739]-
1379 4630 1629 4680 ‘mmm
1651 4625 1887 4679 arabem:
1920 4629 1977 4680 ot
1994 4627 2255 4687 antaeum·
2274 4626 2518 4694 signifieat
2534 4629 2661 4694 qnia
2680 4628 2899 4680 interim
