3259 5384
963 690 1124 742 CAP.
1157 691 1342 754 xm„
1374 691 1584 742 vans.
1613 691 1841 758 4—N.
1870 679 2016 762 789.
2440 695 2611 762 2¹99

363 859 599 922 omnia
635 879 808 944 quae
839 858 986 925 vult
1025 869 1098 926 et
1130 860 1314 936 facit,
1353 869 1685 944 quantum
1722 871 1910 924 amat
1956 859 2095 935 illa,
2135 870 2340 924 vocat
2386 860 2606 925 bona:

361 951 528 1016 inde
573 974 732 1017 vera
779 963 940 1018 sunt
985 952 1142 1018 fidei
1185 955 1503 1030 hominiS,
1551 965 1622 1018 et
1662 951 1897 1018 [¹¹bona
1943 964 2101 1018 sunt
2149 955 2398 1018 amoris
2444 954 2606 1034 ejus.

361 1044 480 1108 Ex
509 1067 596 1110 eo
625 1057 821 1129 patet
848 1048 1029 1157 quod
1056 1069 1218 1112 vera
1247 1069 1420 1132 quae
1451 1057 1611 1112 sunt
1644 1047 1801 1112 fidei
1831 1046 2157 1113 distinc'ta
2186 1050 2323 1112 sint
2348 1069 2389 1111 a
2412 1049 2609 1114 bonis

354 1160 543 1228 quae
581 1151 737 1204 sunt
776 1144 1048 1218 amoriS,
1089 1145 1263 1208 sicut
1302 1143 1471 1207 scire
1510 1153 1582 1207 et
1619 1143 1930 1224 cogitare
1968 1163 2009 1206 a
2044 1141 2223 1206 velle
2260 1151 2333 1206 et
2365 1142 2604 1206 facere.

361 1231 576 1315 Quod
611 1233 936 1300 distinfta
968 1237 1128 1313 sint,
1169 1247 1241 1302 et
1279 1238 1346 1300 in
1384 1247 1739 1320 quantum,
1773 1236 1984 1301 homo
2017 1257 2219 1300 nosse
2249 1245 2484 1320 potest
2514 1257 2608 1302 ex

359 1349 468 1403 e0,
505 1330 688 1410 quod
721 1329 932 1393 homo
964 1333 1181 1414 possit
1219 1331 1438 1395 multa
1473 1331 1670 1406 scire,
1703 1332 2010 1439 cogitare
2048 1340 2120 1394 et
2158 1330 2365 1416 loqui,
2398 1331 2609 1396 immo

359 1422 776 1504 intelligere,
809 1445 982 1506 quae
1021 1444 1159 1489 non
1195 1425 1346 1489 vult
1383 1435 1454 1490 et
1492 1424 1676 1500 facit,
1708 1426 1867 1507 quia
1903 1444 2040 1502 non
2077 1434 2304 1488 amat:
2353 1434 2427 1488 at
2459 1425 2607 1489 vice

359 1537 586 1592 versa,
631 1517 816 1600 quod
861 1519 1179 1602 quicquid
1225 1519 1435 1584 homo
1480 1519 1628 1584 vult
1684 1529 1758 1583 et
1809 1519 1969 1584 facit
2024 1540 2116 1583 ex
2174 1538 2429 1595 amore,
2474 1519 2607 1584 hoc

359 1613 634 1693 cogitet
677 1623 750 1677 et
805 1613 1124 1696 loquatur
1169 1635 1258 1678 ex
1305 1613 1459 1690 fide,
1507 1615 1564 1677 si
1609 1633 1748 1678 non
1795 1633 2025 1679 coram
2072 1615 2349 1690 mundo,
2397 1635 2608 1696 usque

360 1708 544 1787 apud
593 1726 666 1769 se
711 1726 867 1770 cum
911 1708 1098 1772 solus
1142 1718 1250 1772 est
1297 1718 1368 1772 et
1415 1708 1541 1772 sibi
1586 1705 1880 1772 relictus·
1970 1708 2084 1771 Ex
2132 1708 2238 1771 his
2282 1705 2642 1792 sequitur,'

363 1798 488 1880 (2.)
558 1798 761 1882 Quod
822 1821 1014 1865 amor
1073 1813 1144 1866 et
1190 1802 1514 1866 voluntas
1570 1802 1867 1866 hominis
1931 1803 2193 1866 intrent
2252 1804 2321 1866 in
2380 1804 2611 1867 omnia

361 1891 518 1958 fidei
560 1904 630 1958 et
677 1897 1120 1978 cogitationis
1165 1895 1330 1978 ejuS,
1377 1905 1452 1960 at
1497 1896 1679 1979 quod
1726 1895 1895 1961 fides
1940 1905 2013 1960 et
2073 1897 2410 1978 cogitatio
2468 1916 2608 1965 non

361 1989 636 2070 possint
667 1991 921 2054 intrare
953 1991 1020 2054 in
1052 1991 1194 2072 ejus
1223 2010 1527 2054 amorem
1560 2001 1632 2056 et
1659 1991 2093 2055 voluntatem
2121 2012 2137 2070 ;
2184 1991 2395 2055 homo
2426 1992 2608 2072 enim

359 2084 547 2165 quod
606 2095 816 2160 amat,
863 2085 996 2149 hoc
1056 2106 1324 2169 quoque
1383 2095 1571 2150 amat
1630 2085 1872 2160 facere,
1928 2094 2117 2148 amat
2177 2087 2369 2162 scire,
2416 2097 2607 2151 amat

359 2179 696 2259 cogitare,
731 2190 918 2244 amat
960 2180 1162 2263 loqui,
1197 2189 1269 2244 et
1306 2188 1497 2244 amat
1535 2179 1946 2262 intelligere,
1981 2181 2081 2243 ita
2115 2199 2385 2262 quoque
2416 2191 2605 2244 amat

361 2267 500 2351 ejus
543 2269 750 2334 fidem
781 2272 1075 2337 habere:
1125 2272 1437 2337 similiter
1473 2273 1530 2336 si
1567 2273 1723 2337 loco
1759 2274 2009 2337 amoris
2046 2275 2332 2338 sumitur
2362 2274 2607 2338 volun-

361 2373 492 2440 taS,
541 2364 758 2429 homo
802 2368 982 2450 quod
1021 2367 1192 2442 vult,
1239 2367 1372 2431 hoc
1419 2387 1688 2450 quoque
1734 2366 1882 2431 vult
1926 2367 2169 2442 facere,
2217 2368 2366 2432 vult
2412 2369 2604 2443 scire,

362 2459 508 2524 vult
558 2463 891 2543 cogitare,
931 2459 1082 2526 vult
1121 2461 1326 2545 loqui,
1366 2461 1513 2525 vult
1561 2461 1972 2544 intelligere,
2010 2463 2109 2526 ita
2155 2483 2422 2544 quoque
2459 2461 2607 2527 vult

361 2553 498 2634 ejus
533 2554 744 2619 fidem
771 2555 1042 2620 habere.
1134 2555 1357 2620 Causa
1381 2556 1561 2640 quod
1587 2555 1807 2620 simile
1840 2557 2107 2620 dicatur
2129 2558 2217 2620 de
2243 2557 2607 2623 voluntate

361 2649 544 2730 quod
571 2649 662 2712 de
693 2669 945 2725 amore,
975 2659 1083 2714 est
1115 2651 1272 2734 quia
1295 2669 1485 2715 amor
1505 2661 1610 2714 est
1637 2650 2038 2727 voluntatiS,
2060 2661 2130 2715 et
2153 2651 2473 2716 voluntas
2498 2663 2606 2718 est

359 2744 874 2826 receptaculum
906 2746 1176 2808 amoris,
1267 2745 1437 2809 Inde
1469 2765 1645 2808 nunc
1680 2747 1985 2828 sequitur
2014 2747 2195 2829 quod
2228 2765 2419 2810 amor
2450 2767 2606 2830 pro-

361 2837 570 2902 ducat
609 2837 833 2914 fidem,
861 2839 1037 2902 sicut
1065 2838 1387 2903 voluntas
1419 2841 1937 2921 cogitationem.
2029 2839 2207 2923 Quia
2231 2840 2401 2904 fides
2430 2843 2607 2906 sicut

359 2933 705 3016 cogitatio
730 2933 1142 3015 producitur,
1165 2943 1236 2997 et
1262 2953 1452 2997 amor
1476 2935 1650 2997 sicut
1676 2934 1997 2999 voluntas
2022 2936 2358 3017 producit,
2381 2938 2607 3020 sequi·

362 3037 470 3091 tur
500 3028 692 3112 quod
731 3029 1069 3092 inversum
1108 3029 1197 3092 sit
1236 3028 1460 3092 dicere
1492 3029 1675 3111 quod
1714 3028 1881 3092 fides
1912 3030 2246 3112 producat
2280 3050 2603 3094 amorem.

359 3119 471 3184 Ex
495 3121 612 3186 his
639 3121 922 3203 primum
943 3133 1260 3186 constare
1281 3132 1514 3206 potest
1541 3122 1722 3205 quod
1748 3122 2025 3187 credere
2046 3124 2227 3206 quod
2253 3122 2421 3187 fides
2447 3145 2605 3206 pro-

357 3217 568 3280 ducat
590 3215 796 3290 bona,
819 3236 991 3298 quae
1011 3227 1345 3280 vocantur
1365 3216 1544 3281 bona
1565 3237 1794 3298 opera,
1814 3217 1987 3281 sicut
2007 3218 2207 3281 arbor
2227 3215 2496 3293 fructus,
2515 3221 2605 3284 sit

359 3322 611 3375 contra
641 3310 966 3374 ordinem.
1061 3309 1184 3393 (3.)
1251 3309 1512 3374 Similia
1543 3330 1717 3393 quae
1754 3311 1842 3376 de
1878 3309 2013 3374 fide
2050 3322 2121 3377 et
2160 3331 2391 3376 amore
2424 3310 2607 3377 dicta

359 3416 542 3480 sunt,
578 3404 789 3467 etiarn
826 3403 1280 3486 intelligenda
1315 3414 1478 3468 sunt
1510 3405 1596 3468 de
1624 3424 1793 3468 vero
1830 3414 1901 3470 et
1940 3405 2145 3481 bono,
2182 3425 2339 3470 nam
2370 3427 2605 3471 verum

357 3509 461 3563 est
487 3497 656 3562 fidei
679 3507 750 3561 et
783 3497 951 3562 fides
980 3509 1088 3562 est
1114 3499 1276 3574 veri,
1305 3499 1486 3582 quod
1511 3500 1693 3562 enim
1726 3498 1935 3562 homo
1964 3500 2182 3564 credit
2213 3500 2345 3564 hoc
2371 3519 2605 3565 verum

359 3603 615 3667 vocat;
659 3610 737 3655 ac
776 3591 1030 3655 bonum
1068 3603 1176 3658 est
1215 3594 1488 3668 amoris,
1527 3604 1599 3658 et
1639 3611 1831 3656 amor
1863 3603 1970 3657 est
2008 3593 2193 3670 boni,
2226 3613 2384 3658 nam
2422 3594 2604 3676 quod

358 3684 573 3749 homo
621 3695 807 3750 amat
861 3686 993 3751 hoc
1047 3686 1302 3750 bonum
1348 3697 1576 3750 vocat.
1668 3685 1925 3750 Verum
1978 3688 2047 3750 in
2100 3707 2174 3751 se
2220 3684 2603 3771 spectatum

359 3798 490 3843 non
529 3786 644 3843 est
679 3779 803 3842 nisi
834 3798 1037 3863 quam
1070 3779 1326 3843 bonum
1358 3780 1426 3843 in
1459 3780 1693 3856 forma,
1728 3779 1982 3844 bonum
2014 3781 2193 3845 enim
2227 3802 2301 3846 se
2332 3782 2603 3865 quidem

359 3875 607 3939 sistere
637 3883 872 3956 potest
905 3874 1361 3950 sentiendum,
1397 3875 1515 3938 sed
1551 3895 1689 3938 non
1721 3875 2090 3939 videndum
2122 3877 2249 3939 nisi
2281 3877 2349 3939 in
2381 3876 2605 3959 aliqua

358 3967 618 4046 sorma3
665 3977 736 4031 et
781 3967 996 4031 forma
1033 3969 1102 4031 in
1140 3988 1274 4050 qua
1310 3988 1383 4032 se
1421 3969 1603 4033 sistit
1642 3969 2009 4032 videndum
2047 3969 2115 4032 in
2153 3970 2600 4051 cogitatione,

357 4062 452 4126 ita
495 4064 572 4126 in
619 4058 974 4126 intelleRu
1027 4070 1098 4126 et
1146 4063 1605 4144 perceptione,
1654 4074 1941 4127 vocatur
1985 4082 2239 4126 verum.
2330 4062 2445 4126 Ex
2496 4063 2604 4127 his

359 4154 572 4218 etiam
626 4156 930 4237 sequitur
974 4155 1157 4237 quod
1213 4175 1403 4220 amor
1456 4156 1792 4238 producat
1846 4155 2072 4232 fidem,
2120 4157 2294 4220 sicut
2348 4155 2603 4220 bonum

357 4248 677 4328 producit
714 4268 993 4327 verum,
979 4269 992 4283 ·
1041 4249 1326 4332 proinde
1365 4249 1545 4332 quod
1586 4269 1725 4313 non
1762 4247 1931 4313 fides
1970 4250 2303 4332 producat
2349 4250 2603 4314 bonum

359 4342 631 4414 amoris,
695 4341 872 4405 sicut
937 4342 1138 4406 arbor
1196 4340 1504 4408 fructum.
1597 4341 1718 4452 (4.)
1789 4341 2020 4408 Etiam
2089 4345 2261 4408 scire
2314 4353 2386 4407 et
2446 4345 2604 4408 inde

357 4439 668 4530 cogitare
715 4446 788 4500 et
835 4435 1018 4519 loqui
1064 4446 1222 4500 sunt
1271 4458 1361 4501 ex
1408 4439 1755 4513 memoria,
1797 4448 1869 4502 at
1908 4437 2086 4501 velle
2132 4447 2204 4501 et
2251 4437 2471 4502 facere
2509 4458 2601 4501 ex

359 4549 586 4595 amore
614 4541 774 4594 sunt
809 4551 900 4594 ex
924 4530 1087 4594 vita.
1181 4529 1414 4595 Homo
1445 4540 1681 4614 potest
1714 4530 1933 4596 multa
1964 4533 2271 4614 cogitare
2303 4542 2373 4596 et
2415 4530 2601 4614 loqui

361 4643 446 4687 ex
482 4625 838 4702 memoria,
877 4645 1051 4710 quae
1089 4645 1226 4689 non
1265 4635 1423 4690 sunt
1468 4645 1560 4689 ex
1597 4626 1743 4690 vita
1787 4623 1951 4708 ejuS,
1988 4646 2163 4708 quae
2208 4635 2315 4690 est
2362 4645 2597 4706 amor;
