3259 5384
989 717 1152 772 cAP.
1187 718 1362 782 xm,
1396 718 1606 770 vans.
1650 717 1905 788 19.--N.
1938 721 2083 788 919.
2488 703 2661 788 2469

421 885 524 949 nis
553 884 976 967 significatur
1012 906 1132 969 per
1170 886 1485 950 “crinem
1523 887 1815 970 capitis”
1846 897 2087 963 (videatur
2104 913 2265 962 supra,
2283 915 2331 949 n.
2348 885 2451 956 66.
2487 898 2653 969 555).

419 981 512 1048 Et
549 984 705 1066 quia
741 983 1052 1048 sensuale
1083 993 1189 1049 est
1227 993 1615 1050 extremum
1648 985 1829 1048 vitae
1868 984 2179 1060 hominiS,
2208 1004 2285 1048 ac
2323 985 2391 1048 in
2420 994 2655 1048 extre·

417 1096 532 1140 mo
593 1077 844 1140 residet
904 1079 1124 1140 omnis
1182 1079 1513 1162 potentia,
1573 1075 1729 1141 ideo
1792 1077 2137 1142 Naziraeis
2194 1078 2316 1142 fuit
2383 1087 2672 1150 tantum,

415 1172 636 1236 robur.
720 1171 920 1253 Quod
952 1173 1018 1235 in
1051 1172 1380 1236 extremis
1413 1192 1529 1236 seu
1562 1171 1815 1237 ultimis
1848 1173 2142 1236 resideat
2167 1173 2385 1236 omnis
2412 1181 2655 1254 poten·

417 1267 534 1342 tia,
583 1276 1081 1348 consequenter
1131 1267 1196 1328 in
1258 1287 1458 1330 sensu
1512 1266 1755 1330 ultimo
1802 1266 2034 1342 Verbi,
2084 1267 2195 1350 qui
2252 1275 2360 1330 est
2420 1286 2659 1329 sensus

419 1359 710 1436 litterae,
751 1363 861 1444 qui
908 1361 1115 1424 etiam
1155 1379 1391 1424 comae
1429 1362 1916 1442 correspondet
1955 1369 2026 1425 et
2071 1360 2259 1425 illam
2296 1360 2653 1442 significat,

417 1454 729 1516 videatur
781 1472 983 1533 supra
1028 1467 1098 1528 (n.
1137 1451 1278 1532 346,
1304 1467 1452 1533 417,
1491 1453 1631 1534 567,
1664 1452 1810 1523 666,
1845 1452 2015 1532 726).
2100 1450 2293 1514 Talis
2338 1453 2658 1534 potentia

419 1551 539 1615 fuit
572 1550 868 1613 Domino
893 1569 1046 1613 cum
1080 1550 1201 1614 suit
1229 1571 1412 1632 puer,
1439 1572 1572 1634 qua
1603 1551 1853 1615 devicit
1886 1561 1957 1615 et
1990 1549 2373 1632 subjugavit
2401 1550 2658 1615 inferna

419 1644 772 1720 dirissima,
821 1645 932 1707 ubi
977 1664 1216 1708 omnes
1260 1644 1608 1709 sensuales
1662 1654 1840 1708 sunt.
1933 1643 2063 1708 Hic
2110 1655 2335 1708 status
2381 1643 2656 1709 Domini

419 1738 1054 1820 repraesentabatur
1084 1758 1205 1820 per
1241 1739 1385 1803 dies
1423 1738 1834 1821 impletionis
1871 1739 2050 1821 apud
2091 1737 2475 1814 NaziraeoS,
2509 1740 2656 1821 qui-

418 1832 540 1896 bus
576 1833 870 1914 impletis
909 1833 1185 1896 intravit
1220 1832 1549 1896 Dominus
1585 1855 1626 1896 a
1664 1832 1956 1896 sensuali
1996 1841 2066 1896 et
2101 1832 2388 1896 naturali
2420 1832 2488 1896 in
2528 1833 2650 1895 Di-

417 1928 646 1990 vinum
685 1926 1027 2008 spirituale
1059 1937 1130 1990 et
1170 1927 1487 1991 caeleste.
1579 1926 1775 1991 Nunc
1809 1929 1963 2012 quia
1994 1927 2105 1990 ille
2139 1937 2361 1991 status
2398 1947 2477 1990 ac
2515 1926 2655 2010 ejus

421 2022 672 2086 bonum
711 2032 780 2085 et
806 2041 1037 2086 verum
1063 2021 1480 2104 significatur
1508 2042 1629 2104 per
1652 2028 1689 2054 ‘⁸
1709 2043 1871 2085 uvas
1896 2030 1966 2086 et
1993 2042 2114 2104 per
2134 2025 2174 2054 “
2191 2021 2478 2097 vinum,”
2502 2023 2656 2086 ideo

420 2134 554 2179 non
603 2115 858 2179 licitum
895 2116 1014 2180 suit
1064 2115 1392 2180 Naziraeo
1430 2116 1788 2180 comedere
1835 2137 1999 2180 uvas
2045 2127 2114 2180 et
2160 2116 2389 2179 bibere
2426 2116 2655 2180 vinum

419 2219 784 2293 antequam
831 2209 1229 2292 impleverat
1288 2210 1440 2274 illos
1486 2209 1669 2288 dies;
1737 2210 1919 2292 quod
1981 2220 2221 2292 postea
2280 2210 2339 2274 ei
2400 2209 2656 2275 licitum

419 2303 636 2380 fuerit,
670 2314 863 2386 patet
902 2325 992 2368 ex
1032 2325 1228 2368 versu
1267 2319 1350 2368 20
1383 2303 1560 2368 illius
1597 2305 1861 2386 capitis,
1904 2304 2015 2367 ubi
2052 2303 2316 2381 dicitur,

997 2439 1026 2461 ‘⁶
1045 2437 1315 2501 Deinceps
1339 2439 1486 2489 bibet
1515 2437 1809 2488 Naziraeus
1837 2435 2073 2488 viuum.”

425 2567 629 2651 Quod
666 2570 732 2633 in
769 2567 900 2632 fine
939 2570 1195 2633 dierum
1233 2567 1647 2652 impletionis

516 2681 790 2732 Tenderet
822 2692 997 2747 caput,
1026 2693 1080 2733 et
1106 2685 1258 2732 daret
1291 2683 1493 2732 crinem
1523 2681 1712 2745 capitis
1740 2695 1903 2745 super
1930 2682 2109 2745 ignem
2146 2683 2235 2747 qui
2271 2684 2371 2732 sub
2398 2683 2657 2733 sacrificio

679 2748 1016 2811 pacificorum
1042 2749 1200 2809 (vers.
1230 2749 1324 2810 18),

419 2883 974 2964 repraesentabat
1023 2880 1332 2945 sensuale
1388 2890 1549 2946 tunc
1606 2900 1855 2945 novum
1908 2902 1997 2944 ex
2053 2881 2301 2946 Divino
2352 2882 2656 2957 caelesti,

419 2995 632 3039 novus
657 2977 836 3040 enim
861 2977 1058 3040 crinis
1082 2986 1324 3057 postea
1349 2975 1681 3038 Naziraeo
1706 2976 1956 3039 crevit:
1997 2984 2066 3038 et
2099 2996 2365 3059 quoque
2390 2997 2657 3058 reprae-

419 3071 740 3134 sentabat
778 3070 958 3154 quod
998 3070 1330 3134 Dominus
1375 3091 1464 3133 ex
1515 3069 1764 3133 Divino
1801 3069 1988 3133 Vero
2026 3069 2287 3144 ultimo,
2329 3072 2509 3153 quod
2552 3082 2659 3135 est

419 3184 655 3228 sensus
688 3164 975 3240 litterae,
1013 3165 1362 3228 intraverit
1397 3165 1460 3226 in
1497 3163 1816 3228 Divinum
1851 3163 2111 3228 Verum
2141 3165 2440 3240 interiuS,
2474 3166 2656 3247 quod

419 3267 524 3322 est
553 3258 856 3323 Verbum
889 3259 958 3322 in
988 3279 1190 3322 sensu
1219 3260 1510 3334 intern0‚
1546 3279 1755 3340 usque
1784 3259 1871 3320 ad
1904 3278 2289 3339 supremum
2322 3260 2448 3322 ibi:
2499 3278 2654 3323 nam

420 3351 771 3428 DominuS,
810 3355 971 3416 dum
1009 3355 1074 3416 in
1115 3353 1369 3417 mundo
1405 3362 1574 3429 erat,
1615 3353 1736 3416 fuit
1776 3351 2104 3426 Verbum,
2146 3355 2301 3436 quia
2338 3353 2657 3417 Divinum

419 3446 696 3521 Verum,
726 3467 802 3511 ac
835 3446 1000 3510 illud
1033 3449 1309 3510 interius
1342 3467 1461 3528 per
1491 3447 1743 3528 gradus
1774 3448 1946 3510 sicut
1980 3447 2299 3521 adolevit,
2330 3468 2537 3529 usque
2570 3449 2657 3512 ad

419 3560 802 3622 supremum
835 3542 994 3623 ejuS,
1025 3542 1204 3624 quod
1229 3552 1334 3605 est
1367 3561 1530 3623 pure
1557 3542 1899 3616 Divinum,
1926 3562 2195 3623 prorsus
2221 3563 2420 3624 supra
2444 3547 2655 3624 ange-

419 3635 635 3700 lorum
663 3637 1152 3718 perceptioneS.
1223 3634 1588 3699 Sciendum
1614 3644 1721 3699 est
1752 3637 1933 3718 quod
1962 3636 2316 3711 DominuS,
2343 3635 2503 3700 dum
2535 3637 2658 3702 fuit

417 3730 485 3792 in
516 3730 794 3806 mundo,
821 3730 911 3792 ab
939 3729 1218 3794 infantia
1244 3751 1452 3812 usque
1478 3731 1564 3793 ad
1591 3729 1901 3794 ultimum
1928 3731 2105 3793 diem
2140 3730 2249 3806 ibi,
2278 3731 2657 3795 successive

417 3843 814 3906 progressus
851 3825 939 3888 sit
984 3825 1071 3888 ad
1111 3825 1425 3888 unionem
1464 3844 1617 3888 cum
1660 3826 1809 3906 ipso
1847 3816 2117 3899 Divin0,
2158 3826 2339 3908 quod
2386 3827 2453 3889 in
2500 3825 2659 3908 Ipso

418 3915 542 3980 suit
576 3936 669 3979 ex
701 3917 1178 3998 conceptione.
1268 3933 1370 3992 (De
1385 3945 1484 3990 qua
1504 3933 1775 3980 successiva
1788 3933 2123 3992 progressione
2144 3933 2363 3978 videatur
2382 3933 2431 3978 in
2452 3934 2663 3979 Arcauis

419 4012 719 4064 Caelestum.
737 4025 785 4058 n.
811 4012 943 4070 1864.
963 4025 1099 4070 2033,
1122 4013 1258 4070 2632,
1279 4025 1416 4073 3141,
1437 4015 1574 4071 4585.
1593 4025 1730 4070 7014.
1756 4011 1943 4072 1007⁶·)
2026 3995 2141 4058 EX
2186 3997 2291 4059 his
2334 4004 2658 4060 Constare

419 4098 650 4170 potest
689 4089 847 4171 quid
886 4087 1466 4169 repraesentabat,
1501 4089 1683 4173 quod
1723 4087 2055 4154 Naziraeo
2092 4108 2227 4152 non
2260 4107 2659 4152 concessum

417 4183 614 4248 fuerit
653 4183 1010 4247 comedere
1040 4183 1292 4266 aliquid
1329 4205 1419 4247 ex
1457 4205 1608 4259 uva,
1647 4203 1769 4248 nec
1802 4184 2033 4248 bibere
2069 4182 2319 4268 aliquid
2356 4203 2447 4246 ex
2478 4183 2657 4260 vine,

419 4277 1093 4358 ante'impletionem
1131 4277 1388 4341 dierum
1427 4278 1850 4341 naziraeatus
1887 4277 2007 4341 sui.

537 4387 736 4456 919.
783 4387 944 4448 [Ver-s,
970 4390 1068 4449 19.]
1111 4373 1232 4437 “Er
1258 4375 1426 4438 misit
1453 4375 1716 4458 angelus
1745 4375 1972 4438 falcem
2005 4392 2183 4438 suam
2214 4373 2277 4436 Ῐη
2310 4379 2572 4447 terram,
2598 4380 2669 4439 ot

424 4462 797 4526 vindemiavit
818 4463 1046 4526 vineam
1069 4463 1639 4546 rerrao.''—-Quod
1672 4463 2016 4546 significet
2044 4463 2465 4542 lzocfadum,
2490 4483 2659 4527 con·-

419 4564 560 4621 stat
619 4576 710 4620 ex
769 4555 902 4618 illis
959 4575 1130 4638 quae
1189 4557 1256 4620 in
1315 4575 1480 4620 mox
1533 4557 1857 4638 superiori
1908 4554 2195 4620 articulo
2245 4552 2427 4620 dieta
2482 4564 2661 4618 sunt.

421 4647 626 4732 Quod
668 4655 708 4684 ‘⁴
729 4649 972 4714 vinea”
1003 4649 1340 4732 significet
1375 4649 1736 4714 ecclesiam
1774 4649 2215 4731 spiritualem,
2253 4658 2531 4714 constat
2566 4667 2657 4713 ex
