3259 5384
646 637 813 714 2132
1238 640 1767 700 -APOCALYPSIS
1813 639 2264 698 EmecAr-A.

643 824 755 878 tus
782 815 1183 878 incrementi
1204 815 1533 880 ecclesiae
1558 835 1769 899 usque
1799 816 1886 879 ad
1919 833 2112 879 suum
2135 813 2434 897 plenum,
2463 813 2681 879 simile
2711 815 2880 878 enim

642 929 762 990 per
814 909 929 972 illa
974 908 1393 990 significatur
1436 910 1617 992 quod
1665 929 1869 991 supra
1915 909 2116 990 (vers.
2161 909 2236 991 6)
2287 927 2408 992 per
2455 909 2661 972 “dies
2707 909 2882 972 mille

586 1065 597 1074 ,
642 1001 975 1067 ducentos
1020 1002 1443 1084 sexaginta,”
1498 1021 1654 1066 nam
1715 1003 1931 1068 simile
1987 1003 2074 1066 de
2133 1003 2414 1066 muliere
2473 1003 2564 1066 ibi
2621 1002 2882 1076 dicit-ar,

642 1115 888 1179 nempe
931 1097 1113 1180 quod
1154 1097 1458 1178 “sugerit
1504 1099 1571 1159 in
1617 1097 1986 1172 desertum,
2029 1097 2139 1160 ubi
2177 1098 2390 1161 habet
2428 1097 2654 1161 locum
2695 1116 2887 1178 prae·

642 1201 952 1271 paratum
1005 1212 1047 1255 a
1104 1192 1275 1266 Deo,
1329 1201 1403 1256 ut
1462 1193 1551 1255 ibi
1602 1191 1794 1256 alant
1845 1211 1997 1256 eam
2041 1189 2282 1256 diebus
2337 1189 2522 1256 mille
2577 1189 2887 1258 ducentis

642 1285 1085 1368 sexaginta?
1138 1285 1323 1368 quod
1384 1305 1506 1368 per
1546 1287 1726 1350 hunc
1789 1299 2140 1350 numerum
2199 1284 2414 1350 simile
2473 1287 2888 1368 significetur

640 1381 820 1463 quod
854 1399 972 1462 per
996 1399 1344 1444 numerum
1374 1383 1559 1444 “tria
1590 1390 1663 1444 et
1687 1381 2096 1452 dimidium.’'
2115 1393 2262 1446 tum
2287 1381 2471 1464 quod
2505 1399 2626 1462 per
2647 1398 2886 1444 nurne-

638 1492 785 1538 rum
811 1481 849 1508 ‘⁸
866 1474 1191 1555 septem,”
1210 1493 1455 1557 nempe
1481 1493 1692 1557 usque
1717 1476 1879 1538 dum
1905 1477 2148 1540 crescit
2173 1477 2236 1538 in
2256 1476 2558 1556 plenum,
2577 1477 2890 1540 videatur

639 1585 845 1649 supra
876 1583 947 1642 (n.
970 1569 1159 1646 732):
1205 1567 1391 1649 quod
1422 1576 1658 1632 autem
1689 1567 1798 1630 hic
1835 1573 2194 1650 “tempus,
2227 1563 2546 1648 te'mpora
2573 1585 2654 1631 ac
2685 1567 2886 1631 dimi-

638 1658 822 1721 dium
869 1659 1195 1740 temporis
1213 1659 1241 1684 ”
1284 1660 1571 1734 dicatur,
1618 1669 1727 1723 est
1781 1661 1934 1741 quia
1981 1663 2238 1723 numeri
2283 1659 2377 1722 illi
2431 1657 2764 1742 praedicti
2819 1661 2887 1724 in

638 1753 776 1816 suis
832 1753 998 1817 locis
1054 1755 1264 1817 etiam
1322 1752 1710 1834 significant
1769 1763 2100 1835 tempora,
2157 1764 2229 1817 et
2291 1773 2410 1836 per
2467 1754 2890 1836 “tempora'’

637 1841 1371 1927 significantur-'status
1407 1846 1597 1908 vitae
1632 1847 1748 1928 qui
1791 1846 2178 1927 procedunt
2219 1863 2462 1920 (videatur
2481 1875 2643 1921 supra.
2665 1875 2716 1910 ιι.
2745 1861 2890 1928 571.

634 1933 779 2003 610.
806 1933 953 2012 664,
978 1933 1125 2014 673.
1155 1948 1329 2014 747),
1376 1934 1484 1997 hic
1538 1935 1772 2016 itaque
1823 1936 1936 2018 qui
1989 1937 2379 2017 procedunt
2431 1946 2504 2000 et
2555 1946 2884 2000 crescunt

635 2046 845 2108 usque
876 2027 963 2089 ad
996 2026 1311 2108 plenum:
1350 2027 1532 2110 quod
1564 2027 1830 2092 dicatur
1859 2033 1898 2088 ‘f
1916 2038 2208 2108 ternpus,
2237 2038 2552 2110 tempora
2583 2037 2654 2092 et
2685 2028 2889 2092 dimi-

636 2120 819 2184 dium
864 2121 1247 2203 temporiS‚”
1290 2131 1397 2184 est
1442 2122 1597 2203 quia
1645 2128 1970 2203 “tempus
1987 2120 2016 2146 '⁹
2061 2123 2128 2186 in
2173 2122 2499 2204 singulari
2545 2119 2894 2204 significat

636 2224 892 2280 statum
930 2215 1112 2290 boni,
1156 2220 1529 2297 “tempora
1544 2216 1573 2242 ’³
1607 2217 1678 2279 in
1725 2215 1964 2297 plurali
2001 2213 2390 2298 significant
2427 2225 2684 2280 statum
2723 2217 2891 2292 veri.

636 2319 995 2394 utrumque
1058 2312 1284 2393 quoad
1348 2309 1950 2393 implantationem
2017 2330 2274 2386 eorum,
2342 2321 2414 2375 et
2478 2311 2894 2376 “dimidium

636 2407 963 2488 temporis
976 2404 1007 2430 ”
1052 2404 1390 2487 significat
1434 2402 1746 2470 sanetum
1793 2405 2162 2470 ecclesiae:
2224 2422 2432 2470 causa
2485 2405 2668 2488 quod
2721 2404 2898 2470 talia

636 2497 1123 2582 significentur,
1169 2510 1275 2563 est
1321 2501 1477 2582 quia
1520 2519 1627 2562 res
1676 2500 1742 2563 in
1791 2499 2114 2582 singulari
2161 2499 2448 2564 involvit
2493 2499 2769 2574 bonum,
2819 2501 2895 2564 in

634 2593 874 2674 plurali
905 2613 1085 2670 vera,
1114 2603 1185 2658 et
1216 2594 1567 2658 dimidium
1600 2592 1910 2660 sanctum
1938 2616 1954 2671 ;
2001 2594 2183 2677 quod
2213 2595 2566 2658 dimidium
2597 2593 2897 2660 involvit

635 2686 964 2763 sanetum,
998 2698 1107 2752 est
1138 2690 1295 2771 quia
1328 2691 1515 2753 “tria
1528 2689 1558 2715 ”
1591 2687 1980 2771 significant
2014 2688 2312 2770 plenum,
2349 2687 2659 2752 similiter
2700 2690 2899 2754 “tria

634 2787 705 2846 et
728 2783 1077 2846 dimidium
1093 2782 1122 2807 '’
1146 2801 1225 2846 ac
1255 2783 1646 2865 “septem;”
1681 2791 1754 2847 at
1784 2789 2110 2864 “septem
2130 2783 2159 2806 ”
2183 2782 2574 2864 significant
2607 2782 2898 2864 plenum

634 2876 794 2940 dum
832 2879 1056 2958 agitur
1090 2877 1177 2940 de
1224 2876 1497 2950 sanctis,
1536 2897 1613 2940 ac
1653 2878 2002 2942 dimidium
2038 2877 2208 2942 illud
2255 2887 2412 2958 post
2451 2878 2600 2952 tria,
2643 2877 2899 2958 implet

632 2979 704 3036 et
747 2970 907 3034 facit
946 2989 1297 3036 numerum
1336 2981 1625 3053 septem,
1665 2989 1826 3036 nam
1863 2973 1994 3036 tria
2029 2981 2102 3036 et
2137 2971 2493 3036 dimidium
2535 2970 2901 3052 duplicata

631 3075 791 3130 sunt
825 3075 1115 3147 septem,
1150 3085 1229 3130 ac
1266 3085 1585 3132 numerus
1614 3065 2004 3148 duplicatus
2033 3075 2105 3130 et
2143 3065 2636 3146 multiplicatus
2667 3065 2898 3132 simile

631 3159 970 3241 significat
1006 3180 1159 3224 curn
1198 3179 1479 3224 numero
1515 3161 1629 3243 qui
1667 3159 2052 3242 dupli-catur
2089 3172 2208 3224 aut
2255 3159 2776 3242 multiplicatur,
2819 3171 2900 3226 ut

630 3253 737 3318 hic
780 3259 1103 3336 “septem
1120 3255 1151 3281 ''
1182 3255 1399 3318 simile
1436 3273 1591 3318 cum
1628 3254 1898 3318 “tribus
1935 3265 2006 3319 et
2045 3255 2325 3318 dimidio
2349 3255 2401 3317 :’'
2447 3255 2630 3337 quod
2672 3259 2897 3338 “sep-

630 3356 772 3411 tem
788 3347 819 3374 '²
856 3347 1238 3430 significent
1276 3348 1553 3431 plenum
1589 3358 1662 3412 et
1707 3357 1954 3424 totum,
1995 3359 2070 3412 et
2114 3350 2431 3413 dicantur
2475 3351 2562 3414 de
2605 3347 2896 3424 sanctis,

629 3441 947 3504 videatur
969 3460 1174 3524 supra
1198 3457 1266 3514 (ιι.
1293 3455 1393 3510 20.
1416 3455 1517 3518 24.
1536 3454 1708 3521 257).
1795 3439 2000 3521 Quod
2027 3459 2150 3522 per
2179 3446 2221 3473 ‘⁶
2239 3451 2540 3522 tempus,
2567 3450 2902 3524 tempora

629 3540 703 3598 et
746 3531 1097 3596 dimidium
1142 3533 1469 3614 temporis
1484 3531 1514 3556 ”
1552 3533 1718 3598 talia
1759 3531 2251 3614 significentur,
2291 3543 2608 3596 constare
2653 3547 2899 3616 potest

630 3646 721 3694 ex
758 3627 863 3692 his
900 3628 1078 3709 apud
1114 3626 1477 3700 Danielem,

727 3757 823 3811 Vir
850 3759 1066 3811 indutus
1090 3761 1271 3812 linteis
1296 3763 1325 3786 ¹·
1340 3759 1556 3811 sustulit
1578 3761 1820 3810 dextram
1849 3769 2000 3812 sunm
2025 3769 2080 3810 et
2111 3761 2386 3812 sinistram
2413 3775 2565 3812 suam
2590 3762 2658 3812 ad
2687 3765 2900 3825 caelos,

890 3837 947 3878 et
966 3827 1165 3889 juravit
1188 3841 1285 3889 per
1301 3827 1587 3876 viventem
1617 3828 1674 3876 in
1697 3837 1992 3886 aeternum,
2011 3829 2154 3891 quod
2177 3828 2246 3876 ad
2277 3837 2496 3890 tempus
2525 3838 2728 3878 statum
2755 3839 2901 3882 tem·

891 3907 1079 3956 porum
1108 3903 1370 3942 staterum
1399 3901 1455 3942 et
1481 3893 1779 3952 dimidium,
1807 3903 1862 3942 et
1896 3907 2016 3941 cum
2053 3893 2426 3955 consumpturi
2459 3903 2644 3943 essent
2679 3895 2902 3959 disper-

890 3971 1015 4019 gere
1040 3971 1258 4006 manum
1286 3957 1467 4022 populi
1492 3955 1808 4015 sanctitatis,
1827 3959 2256 4007 consummanda
2280 3968 2472 4007 essent
2497 3959 2685 4008 omnin
2708 3959 2854 4012 haec
2869 3959 2900 3984 '⁹

888 4021 997 4082 (xli.
1024 4023 1103 4085 7):

628 4177 719 4220 ex
757 4155 996 4239 quibus
1034 4165 1227 4238 patet
1264 4157 1445 4240 quod
1492 4176 1609 4239 per
1647 4157 1763 4222 illa
1803 4163 2173 4240 “tempora
2189 4157 2220 4180 ”
2257 4155 2676 4240 significetur
2720 4177 2898 4225 con-

628 4252 1035 4330 summatio;
1085 4270 1241 4315 nam
1279 4251 1543 4328 dicitur,
1582 4255 1850 4336 “usque
1884 4251 2044 4315 dum
2079 4253 2617 4316 consummanda
2653 4266 2900 4321 essent

629 4346 855 4410 omnia
886 4347 1053 4410 haec
1078 4344 1130 4424 ;”
1168 4367 1286 4430 per
1310 4347 1969 4410 consummationem
1993 4346 2396 4440 intelligitur
2421 4347 2758 4429 impletio,
2794 4355 2894 4415 ita

628 4461 838 4524 usque
875 4441 963 4506 ad
1002 4439 1299 4523 plenum.
