3259 5384
613 665 783 734 2340
1257 665 1759 718 APOCALYPSIS
1804 667 2255 719 EXPLICATA.

615 833 780 917 (12.)
821 833 1164 916 Quamdiu
1193 833 1362 899 fides
1399 834 1522 899 suit
1553 833 1915 918 conjuncta
1946 837 2281 920 operibuS,
2316 847 2387 901 et
2424 837 2849 920 agnosceba-

610 937 722 993 tur
751 929 1049 992 charitas
1081 930 1149 992 in
1183 930 1326 1012 pari
1358 929 1572 1011 gradu
1604 950 1759 994 cum
1792 929 1943 1006 fide,
1969 941 2089 995 aut
2121 951 2324 1015 supra
2352 931 2561 1006 illam,
2589 933 2853 997 tamdiu

562 1086 572 1094 ,
610 1021 730 1087 suit
764 1021 1052 1086 ecclesia
1084 1023 1152 1086 in
1175 1023 1351 1086 veris
1375 1043 1466 1086 ex
1492 1022 1750 1099 Verbo,
1778 1025 1898 1088 sed
1932 1025 1999 1087 in
2034 1026 2285 1106 paucis,
2319 1026 2475 1107 quia
2498 1045 2639 1089 non
2662 1027 2853 1090 vide·

608 1125 770 1179 runt
802 1115 960 1194 illa;
1007 1126 1082 1180 at
1113 1137 1278 1180 vero
1309 1125 1383 1180 ut
1417 1117 1705 1199 primurn
1740 1118 2183 1200 separabatur
2216 1117 2383 1182 fides
2412 1139 2455 1182 a
2486 1119 2853 1194 charitate,

611 1209 902 1274 ecclesia
934 1209 1167 1292 elapsa
1198 1218 1306 1274 est
1338 1231 1380 1274 a
1403 1212 1580 1275 veris
1611 1212 1679 1274 in
1712 1211 1903 1286 falsa,
1932 1223 2003 1276 et
2036 1213 2318 1276 tandem
2350 1214 2417 1276 in
2448 1211 2654 1278 fidem
2678 1231 2858 1296 quae

612 1305 841 1368 omnia
871 1304 1202 1368 ecclesiae
1233 1325 1396 1369 vera
1429 1305 1813 1382 destruxit3
1862 1305 2030 1370 haec
2066 1305 2232 1370 fides
2270 1317 2376 1370 est
2412 1306 2580 1372 fides
2602 1305 2857 1390 justifi-

612 1398 907 1462 cationis
945 1408 1016 1462 et
1053 1397 1456 1462 salvationis
1495 1419 1614 1481 per
1654 1400 1967 1464 meritum
2008 1399 2283 1464 Domini
2315 1402 2494 1482 apud
2534 1400 2855 1466 Patrem:

611 1510 770 1555 nam
809 1511 964 1556 cum
999 1492 1170 1556 haec
1211 1491 1358 1556 sola
1397 1491 1586 1568 fides,
1615 1503 1689 1558 et
1721 1493 1889 1558 haec
1924 1514 2189 1577 quoque
2228 1505 2546 1576 separata
2582 1516 2624 1559 a
2654 1496 2859 1558 bonis

611 1586 818 1660 vitae,
856 1607 1028 1669 quae
1067 1595 1224 1650 sunt
1270 1587 1452 1651 bona
1487 1607 1717 1669 opera,
1756 1587 2003 1663 salvat,
2044 1588 2202 1671 quid
2248 1609 2417 1671 opus
2454 1591 2629 1653 veris
2676 1609 2858 1672 quae

615 1680 913 1744 doceant
959 1681 1160 1755 viam,
1201 1689 1274 1745 et
1320 1682 1574 1745 ducant
1619 1682 1709 1744 ad
1755 1680 2063 1746 caelum?
2117 1683 2271 1747 vive
2314 1693 2386 1747 et
2432 1684 2636 1748 crede
2682 1705 2859 1767 quo-

613 1774 822 1837 modo
859 1793 1146 1857 cumque
1176 1775 1298 1850 viS,
1334 1785 1405 1838 et
1437 1784 1598 1839 tene
1629 1775 1838 1838 modo
1871 1775 2057 1838 illam
2088 1773 2314 1852 fidem,
2350 1787 2423 1840 et
2455 1776 2859 1860 salvaberis.

617 1865 753 1932 Sed
814 1868 1036 1932 dicam
1097 1869 1240 1944 tibi,
1289 1870 1380 1932 mi
1434 1865 1669 1945 lector,
1718 1870 1899 1952 quod
1956 1889 2197 1934 omnes
2242 1872 2354 1952 qui
2412 1870 2601 1934 illam
2646 1871 2861 1936 fidem

614 1962 875 2036 vivunt,
901 1963 968 2025 in
1001 1981 1232 2026 amore
1259 1962 1550 2026 naturali
1581 1972 1901 2045 separato
1932 1963 2021 2026 ab
2050 1983 2281 2028 amore
2306 1965 2637 2046 spirituali
2670 1967 2813 2030 sint
2840 1987 2860 2044 ς

615 2075 697 2118 ac
734 2075 927 2119 amor
961 2055 1290 2119 naturalis
1327 2057 1415 2120 ab
1451 2077 1534 2121 eo
1581 2067 1937 2139 separatus
1974 2066 2080 2121 est
2118 2077 2313 2121 amor
2342 2059 2441 2122 sui
2478 2068 2549 2122 et
2589 2060 2858 2135 mundi,

613 2157 687 2213 et
717 2149 876 2213 inde
913 2169 1106 2212 amor
1135 2151 1434 2214 omnium
1475 2151 1809 2214 malorum
1842 2161 1912 2214 et
1946 2171 2038 2216 ex
2076 2151 2273 2215 malis
2310 2153 2613 2216 omnium
2646 2151 2863 2217 falso-

507 2325 514 2330 ·
615 2262 807 2321 rum3
862 2252 934 2307 et
981 2244 1161 2326 quod
1222 2263 1461 2309 omnes
1507 2243 1604 2308 illi
1652 2254 1797 2309 tam
1842 2246 2037 2309 vacui
2092 2256 2165 2309 et
2218 2245 2418 2310 simul
2470 2255 2616 2333 tam
2664 2249 2863 2311 caeci

615 2337 774 2412 sint,
810 2347 885 2400 ut
917 2357 1003 2400 ne
1035 2337 1304 2420 quidem
1339 2357 1542 2402 unum
1576 2340 1945 2420 genuinum
1970 2359 2204 2403 verum
2240 2339 2573 2404 ecclesiae
2602 2341 2861 2416 sciant,

615 2449 694 2494 ac
744 2431 813 2493 in
867 2429 1122 2505 Verbo,
1179 2432 1456 2495 tametsi
1509 2433 1578 2495 id
1638 2431 1897 2496 habent
1950 2441 2021 2496 et
2078 2431 2340 2514 legunt,
2388 2433 2720 2511 videant;
2774 2453 2861 2498 ac

613 2523 842 2606 plures
887 2544 1119 2588 eorum
1165 2524 1342 2588 tales
1389 2535 1549 2589 sunt
1595 2535 1672 2588 ut
1718 2545 1855 2589 non
1902 2527 2074 2590 scire
2128 2546 2255 2590 nec
2300 2528 2531 2590 videre
2574 2525 2863 2610 aliquod

615 2616 848 2682 velint.
941 2617 1104 2703 (13.)
1174 2618 1394 2683 Causa
1451 2629 1557 2684 est
1609 2621 1766 2702 quia
1826 2639 1961 2685 non
2016 2619 2215 2685 datur
2270 2619 2543 2703 aliquod
2592 2641 2863 2698 verum,

615 2712 834 2775 minus
865 2712 1086 2795 aliqua
1117 2712 1283 2777 fides
1315 2714 1492 2795 apud
1521 2714 1889 2788 hominem,
1926 2714 2051 2777 nisi
2082 2715 2245 2779 velit
2276 2724 2347 2778 et
2380 2716 2623 2792 faciat;
2672 2718 2865 2797 prius

617 2826 753 2871 non
801 2817 907 2871 est
954 2827 1187 2872 verum
1234 2809 1436 2883 vitae,
1488 2808 1608 2871 sed
1668 2807 1887 2872 solum
1934 2828 2168 2871 verum
2226 2811 2611 2886 memoriae,
2670 2811 2863 2893 quod

613 2919 846 2963 verum
883 2911 989 2964 est
1025 2910 1227 2965 extra
1257 2901 1624 2975 hominem,
1660 2911 1730 2965 et
1768 2921 1905 2965 non
1942 2903 2122 2966 intra
2150 2901 2378 2980 illum3
2424 2913 2498 2966 et
2528 2904 2714 2985 quod
2748 2915 2865 2969 est

613 3003 816 3058 extra
859 2994 1068 3070 illum,
1108 2996 1238 3059 hoc
1284 2995 1685 3077 dissipatur:
1734 2995 1891 3058 inde
1928 3005 2123 3078 patet
2158 2996 2341 3078 quod
2386 2995 2552 3060 fides
2594 2997 2868 3081 absque

617 3089 929 3170 operibus
975 3107 1111 3152 non
1155 3089 1244 3152 sit
1282 3088 1469 3165 fides,
1519 3089 1645 3152 nisi
1724 3087 1892 3152 fides
1944 3089 2091 3153 salsi
2126 3111 2218 3154 ex
2276 3089 2479 3165 malo,
2526 3109 2702 3172 quae
2752 3103 2869 3156 est

618 3179 786 3244 fides
823 3191 1111 3255 mortua,
1147 3201 1440 3264 regnans
1477 3183 1544 3246 in
1581 3181 1861 3246 inferno·

737 3277 938 3360 838.
995 3279 1115 3340 ‘ot
1145 3279 1253 3340 det
1287 3279 1410 3340 mate
1451 3278 1887 3342 characterem
1920 3295 2113 3360 supet·
2140 3297 2325 3342 manu
2358 3297 2568 3342 coe-um
2606 3280 2870 3356 doum,

617 3377 686 3434 ot
721 3389 910 3451 supet·
951 3371 1253 3434 frontibus
1300 3369 1721 3453 eorum-''—Q
1729 3371 1865 3436 uod
1918 3372 2263 3454 significet
2320 3373 2869 3455 testificationem

615 3462 980 3544 agnitionis
1003 3463 1182 3545 quod
1203 3464 1342 3528 sint
1363 3463 1448 3527 ab
1471 3463 1754 3538 ecclesia,
1780 3473 1847 3526 et
1874 3463 1943 3526 in
1974 3463 2157 3527 illius
2170 3463 2350 3548 fidei
2376 3465 2556 3528 veris
2576 3475 2643 3529 et
2670 3465 2872 3533 bonis

617 3558 721 3620 ita
778 3556 998 3632 danis,
1057 3568 1328 3620 constat
1389 3579 1477 3621 ex
1545 3555 2037 3640 significatione
2096 3555 2615 3635 “characteris''
2670 3562 2868 3643 quod

617 3651 706 3715 sit
736 3653 1010 3732 signum
1049 3672 1166 3714 seu
1205 3650 1595 3715 testificatio
1631 3651 2018 3732 agrfitioniS,
2058 3651 2165 3715 hic
2202 3652 2387 3734 quod
2424 3653 2559 3716 sint
2602 3653 2693 3716 ab
2748 3654 2871 3718 illa

615 3744 904 3810 ecclesia
931 3767 946 3822 ;
983 3766 1073 3808 ex
1099 3743 1591 3826 significatione
1616 3750 1655 3776 “
1675 3764 1912 3808 manus
1937 3745 2284 3821 dextrae,”
2303 3747 2485 3828 quod
2510 3747 2597 3809 sit
2620 3767 2870 3812 verum

617 3835 771 3900 fidei
806 3837 872 3899 in
912 3855 1033 3898 sua
1064 3837 1379 3918 potentia
1411 3853 1496 3911 (de
1513 3865 1611 3910 qua
1628 3837 2068 3916 supra,n.298);
2114 3844 2187 3900 et
2224 3856 2317 3900 ex
2352 3835 2873 3919 significatione

623 3928 925 3992 “frontis
941 3930 972 3952 ''
1008 3930 1190 4012 quod
1243 3931 1332 3994 sit
1376 3930 1637 3993 bonum
1689 3929 1938 3993 amoris
1984 3945 2069 4004 (de
2100 3957 2201 4003 qua
2224 3947 2369 3993 etiam
2396 3958 2557 4005 supra.
2586 3959 2633 3993 n.
2660 3949 2870 4014 427):

621 4026 730 4090 hic
769 4026 994 4108 itaque
1033 4045 1150 4107 per
1186 4025 1562 4090 “dextram
1600 4035 1673 4090 et
1709 4026 2002 4089 frontem
2018 4025 2050 4050 ”
2080 4024 2547 4106 significantur
2578 4047 2755 4094 vera
2799 4039 2873 4094 et

619 4121 800 4184 bona
843 4119 1017 4182 illius
1063 4117 1216 4184 fidei
1261 4120 1353 4182 sic
1401 4116 1603 4194 dicta,
1653 4139 1825 4201 quae
1870 4127 2102 4182 tamen
2146 4129 2308 4182 sunt
2350 4119 2460 4183 vel
2516 4139 2653 4184 non
2697 4143 2872 4188 vera

619 4223 692 4278 et
751 4214 950 4288 bona,
998 4214 1107 4276 vel
1168 4213 1334 4277 salsa
1393 4222 1464 4278 et
1525 4213 1744 4291 mala;
1810 4213 2071 4308 agnitio
2128 4222 2363 4277 tamen
2414 4213 2687 4278 illorum
2746 4236 2872 4299 pro

621 4307 796 4371 veris
839 4317 910 4372 et
957 4307 1151 4371 bonis
1197 4305 1612 4389 significatur
1650 4326 1768 4388 per
1803 4308 2019 4370 “dare
2056 4317 2127 4371 et
2166 4309 2470 4390 accipere
2507 4308 2869 4376 chax-acte·
2940 4341 2947 4346 ·

620 4421 764 4466 rem
809 4421 1009 4482 super
1044 4420 1248 4465 manu
1293 4401 1540 4465 dextra
1575 4419 1807 4466 eorum
1846 4409 1917 4464 et
1962 4420 2162 4483 super
2196 4401 2527 4466 frontibus
2570 4403 2871 4468 eorum.”

625 4501 665 4529 “
695 4492 1106 4560 Charac'ter”
1137 4496 1342 4559 etiam
1379 4493 1717 4578 significat
1754 4495 2023 4576 signum
2062 4495 2429 4577 agnitionis
2464 4496 2531 4558 in
2568 4515 2867 4581 sequen-

620 4590 802 4656 tibus
839 4589 1028 4667 lociS,
