3259 5384
940 682 1100 734 CAP.
1134 683 1321 748 xm„
1353 683 1563 738 VERs.
1605 684 1863 754 ¹5·-N·
1897 673 2040 753 831.
2437 685 2604 755 2327

378 851 442 914 in
472 872 603 934 quo
632 861 795 916 sunt
827 852 1057 934 angeli
1088 855 1275 918 tertii
1306 853 1499 929 caeli,
1526 854 1732 919 velim
1766 875 1944 920 nunc
1977 855 2229 938 aliquid
2261 855 2487 920 dicere
2517 855 2604 920 de

376 963 601 1009 amore
638 947 995 1028 spirituali,
1034 948 1102 1010 in
1148 967 1283 1030 quo
1318 958 1477 1012 sunt
1516 949 1746 1031 angeli
1785 951 2064 1014 secundi
2103 951 2292 1013 caeli.
2383 947 2604 1013 Amor

379 1040 741 1120 spiritualis
776 1050 885 1105 est
922 1059 1113 1104 amor
1142 1042 1307 1118 veri,
1340 1061 1421 1106 ac
1458 1042 1525 1106 in
1564 1063 1883 1125 supremo
1913 1064 2115 1108 sensu
2153 1063 2342 1108 amor
2376 1043 2604 1107 Divini

379 1131 533 1196 Veri
570 1135 757 1216 quod
794 1135 1105 1217 procedit
1139 1155 1181 1198 a
1218 1133 1553 1214 Domino;
1598 1137 1700 1199 ita
1730 1157 1999 1219 quoque
2036 1157 2226 1200 amor
2257 1139 2322 1200 in
2364 1136 2602 1200 Domi-

378 1245 552 1303 num,
580 1228 703 1292 sed
733 1229 803 1292 in
834 1228 1123 1292 inferiori
1148 1228 1363 1310 gradu
1395 1248 1596 1311 quam
1630 1230 1698 1292 in
1730 1251 1866 1313 quo
1897 1243 2056 1296 sunt
2089 1232 2315 1313 angeli
2341 1231 2602 1295 caeles-

374 1329 511 1384 tes:
550 1322 645 1398 hi,
672 1341 920 1406 nempe
950 1323 1180 1404 angeli
1204 1321 1564 1399 caelesteS,
1592 1323 1662 1387 in
1685 1343 1915 1388 amore
1947 1326 2014 1388 in
2051 1325 2416 1388 Dominum
2443 1334 2602 1389 sunt

373 1435 457 1478 ex
480 1418 876 1499 receptione
900 1415 1125 1480 Divini
1154 1415 1323 1480 Boni
1350 1416 1438 1480 ab
1462 1416 1663 1499 Ipso,
1646 1437 1661 1452 ·
1701 1417 1798 1481 illi
1823 1429 2078 1492 autem,
2101 1439 2350 1502 nempe
2372 1420 2604 1502 angeli

372 1509 774 1590 spirituales,
800 1512 871 1574 in
895 1530 1125 1574 amore
1156 1511 1221 1573 in
1251 1509 1621 1574 Dominum
1646 1521 1804 1576 sunt
1837 1532 1927 1574 ex
1955 1515 2349 1595 receptione
2375 1515 2604 1579 Divini

374 1601 531 1666 Veri
562 1604 655 1667 ab
688 1603 891 1686 Ipso;
938 1602 1317 1668 differentia
1348 1613 1457 1666 est
1488 1604 1666 1666 sicut
1699 1605 1876 1669 inter
1905 1624 2207 1670 amorem
2241 1607 2602 1674 voluntate

370 1705 435 1759 et
468 1698 651 1760 inter
680 1717 983 1761 amorem
1014 1693 1391 1772 intellectu,
1418 1706 1537 1760 aut
1570 1698 1744 1761 sicut
1777 1699 1954 1762 inter
1985 1697 2328 1764 flammam
2359 1710 2431 1765 et
2462 1701 2603 1783 ejus

372 1789 627 1870 lucem;
663 1793 873 1855 etiam
902 1790 1019 1854 lux
1042 1791 1223 1873 apud
1250 1790 1535 1871 angelos
1562 1792 1747 1855 tertii
1768 1791 1938 1855 caeli
1965 1792 2176 1856 trahit
2201 1815 2243 1856 a
2261 1793 2599 1872 flammeo,

370 1892 436 1944 et
472 1881 595 1944 lux
628 1883 809 1963 apud
842 1882 1132 1964 angelos
1162 1881 1445 1944 secundi
1476 1881 1654 1944 caeli
1690 1881 1905 1946 trahit
1929 1903 1971 1946 a
2005 1885 2300 1948 candido
2337 1901 2445 1956 (sed
2463 1903 2608 1960 plura

368 1988 425 2032 de
444 1988 517 2034 his
534 1988 795 2034 videantur
812 1988 862 2032 in
882 2001 1031 2046 opere
1052 1988 1129 2034 De
1154 1987 1291 2034 Caelo
1310 1991 1357 2032 et
1375 1987 1581 2047 Insemo,
1602 2000 1652 2032 n.
1677 1987 1928 2048 126-140).
2013 1972 2342 2038 Similiter
2378 1974 2602 2040 differt

372 2070 509 2132 vita
544 2069 859 2134 illorum:
907 2071 1051 2132 vita
1086 2067 1487 2151 angelorum
1520 2070 1706 2132 tertii
1739 2069 1911 2133 caeli
1944 2073 2260 2135 consistit
2299 2075 2366 2136 in
2398 2073 2602 2139 assec-

372 2164 669 2226 tionibus
708 2164 889 2238 boni,
930 2172 1002 2230 et
1039 2165 1183 2226 vita
1219 2162 1620 2244 angelorum
1660 2165 1940 2227 secundi
1977 2164 2150 2228 caeli
2195 2167 2262 2229 in
2299 2165 2602 2232 affectio-

370 2255 561 2320 nibus
584 2257 769 2334 veri;
818 2256 935 2320 illa
965 2256 1344 2321 differentia
1375 2255 1534 2318 talis
1566 2266 1674 2319 est
1707 2267 1780 2320 ut
1813 2257 2022 2339 probe
2047 2260 2604 2327 internoscantur

370 2371 453 2412 ex
492 2351 817 2425 faciebuS,
858 2361 930 2414 et
968 2370 1236 2433 quoque
1276 2371 1366 2413 ex
1404 2349 1710 2432 loquelis.
1802 2350 2144 2432 Quoniam
2182 2374 2372 2418 amor
2407 2358 2600 2438 spiri-

370 2444 571 2508 tualis
618 2453 730 2508 est
766 2464 957 2508 amor
990 2445 1153 2520 veri,
1194 2454 1265 2507 et
1311 2443 1407 2507 illi
1445 2446 1670 2526 quoad
1706 2447 1920 2510 vitam
1959 2465 2152 2510 suam
2198 2461 2355 2513 sunt
2395 2450 2600 2516 affec-

366 2541 589 2604 tiones
620 2539 787 2613 veri,
820 2539 977 2602 ideo
1012 2538 1109 2602 illi
1150 2537 1517 2621 loquuntur
1547 2539 1633 2603 de
1666 2537 1922 2602 sanctis
1954 2542 2124 2606 caeli
2163 2553 2233 2606 et
2268 2543 2600 2610 ecclesiae

368 2653 559 2698 secus
596 2653 680 2696 ac
718 2631 947 2714 angeli
982 2633 1167 2696 tertii
1205 2632 1398 2706 caeli,
1437 2634 1551 2715 qui
1587 2633 1674 2696 de
1718 2633 1851 2698 illis
1889 2653 2026 2698 non
2067 2635 2248 2718 loqui
2286 2650 2598 2718 possunt,

366 2739 437 2792 ut
480 2748 691 2810 supra
725 2725 979 2790 dictum
1017 2736 1165 2804 est3
1221 2737 1293 2789 at
1339 2728 1495 2808 quia
1540 2747 1751 2810 usque
1796 2729 2024 2810 angeli
2071 2731 2410 2797 caelestes
2446 2754 2602 2814 per-

365 2821 682 2887 ficiuntur
716 2823 1051 2904 sapientia
1089 2842 1207 2903 per
1243 2822 1682 2896 auditionem,
1721 2823 1878 2886 ideo
1922 2833 2082 2888 sunt
2126 2826 2354 2906 angeli
2393 2827 2602 2891 inter-

370 2919 591 2993 medii,
637 2918 749 2999 qui
785 2925 1117 2980 vocantur
1154 2915 1381 2998 angeli
1420 2916 1758 2980 caelestes
1804 2918 2206 3000 spirituales,
2249 2920 2362 3001 qui
2404 2940 2602 3002 prae·

367 3011 599 3075 dicant
649 3019 723 3075 et
768 3011 1023 3073 docent
1070 3029 1229 3072 vera
1273 3011 1341 3072 in
1388 3010 1666 3092 templis
1710 3009 2001 3087 illorum,
2049 3031 2223 3094 quae
2267 3023 2603 3077 vocantur

368 3105 635 3170 Domus
681 3105 831 3177 Dei,
882 3114 954 3168 et
1001 3113 1159 3168 sunt
1206 3124 1296 3167 ex
1352 3102 1559 3186 ligno.
1672 3101 1876 3183 Quod
1921 3103 2150 3184 angeli
2194 3104 2599 3186 spirituales,

365 3219 451 3262 ex
483 3219 723 3262 amore
757 3196 1091 3278 spirituali
1129 3198 1241 3279 qui
1271 3197 1432 3261 facit
1464 3198 1679 3261 vitam
1716 3197 2004 3271 illorum,
2041 3198 2175 3260 sint
2209 3194 2600 3264 affectiones

363 3295 523 3368 veri,
564 3303 641 3358 et
688 3311 826 3354 non
872 3288 1265 3356 affectiones
1310 3291 1493 3366 boni,
1532 3302 1641 3355 est
1685 3292 1840 3373 quia
1883 3290 1978 3353 illi
2025 3311 2144 3372 per
2183 3291 2382 3354 aliam
2421 3273 2600 3355 viam

366 3388 820 3452 reformantur
856 3394 926 3449 et
964 3394 1475 3466 regenerantur,
1514 3405 1593 3448 ac
1642 3383 1809 3448 fiunt
1845 3385 2094 3466 angeli,
2133 3404 2334 3466 quam
2372 3386 2604 3466 angeli

366 3481 751 3556 caelestes;
798 3479 1029 3560 angeli
1066 3480 1247 3541 enim
1282 3478 1668 3560 spirituales
1706 3479 1988 3559 primum
2027 3477 2404 3543 admittunt
2441 3499 2602 3544 vera

364 3575 429 3638 in
460 3575 887 3647 memoriam,
926 3583 997 3636 et
1028 3572 1185 3636 inde
1216 3573 1283 3634 in
1316 3569 1764 3646 intellectum,
1799 3573 1910 3654 qui
1940 3573 2033 3636 sic
2067 3572 2156 3635 ab
2186 3571 2320 3634 illis
2351 3573 2599 3637 forma-

364 3679 511 3746 tur;
558 3679 637 3732 et
670 3676 830 3731 tunc
865 3677 1193 3749 quantum
1226 3665 1611 3730 afficiuntur
1639 3666 1900 3729 Divinis
1930 3666 2106 3728 veris
2138 3665 2600 3746 spiritualiter,

364 3760 493 3826 hoc
548 3771 685 3835 est,
734 3770 1013 3842 propter
1066 3758 1205 3834 illa,
1254 3769 1400 3823 tum
1458 3769 1738 3842 propter
1781 3761 1996 3822 vitam
2043 3759 2414 3822 secundum
2459 3759 2599 3836 illa,

362 3866 642 3920 tantum
679 3853 1153 3936 perficiuntur3
1208 3853 1435 3935 angeli
1473 3863 1706 3916 autern
1744 3852 2082 3917 caelestes
2127 3872 2264 3914 non
2311 3853 2598 3934 primum

362 3950 747 4013 admittunt
794 3967 953 4012 vera
998 3948 1065 4010 in
1115 3948 1533 4022 memoriam,
1582 3947 1706 4010 sed
1750 3948 1986 4010 statim
2033 3947 2100 4010 in
2146 3945 2600 4022 voluntatem,

364 4053 435 4106 et
472 4063 595 4126 per
633 4039 825 4106 actus
864 4043 932 4104 in
969 4042 1219 4105 vitam:
1268 4041 1424 4107 inde
1464 4041 1531 4104 hi
1570 4059 1708 4104 non
1747 4039 1929 4122 loqui
1961 4049 2249 4122 possunt
2287 4040 2372 4104 de
2413 4040 2602 4103 Divi·

363 4139 467 4200 nis
524 4137 729 4210 veris,
786 4136 906 4198 sed
970 4135 1191 4199 solum
1244 4134 1486 4213 volunt
1539 4144 1611 4199 et
1671 4134 1926 4199 faciunt
1987 4133 2143 4212 illa3
2209 4133 2308 4198 illi
2367 4145 2599 4199 autem

364 4229 736 4313 loquuntur
784 4229 1031 4294 Divina
1076 4249 1258 4305 vera,
1306 4229 1463 4311 quia
1507 4229 1834 4309 inscripta
1879 4228 2089 4291 etiam
2136 4237 2294 4291 sunt
2340 4247 2601 4292 memo-

360 4325 497 4388 riae
551 4323 735 4407 apud
796 4322 972 4399 illos,
1029 4333 1101 4387 et
1157 4323 1493 4406 cogitatio
1544 4342 1637 4384 ex
1695 4322 2020 4384 memoria
2073 4322 2385 4403 loquitur.
2497 4322 2602 4386 At

364 4415 755 4502 spirituales
800 4417 1031 4498 angeli
1067 4436 1204 4479 non
1244 4416 1621 4480 admittunt
1657 4415 1931 4497 aliquod
1962 4434 2195 4478 verum
2233 4416 2301 4477 in
2341 4434 2602 4478 memo-

362 4515 555 4588 riam,
606 4521 679 4576 et
726 4512 885 4575 inde
938 4512 1005 4574 in
1052 4507 1477 4575 intellectum
1524 4511 1704 4591 apud
1749 4529 1844 4584 se,
1895 4509 2017 4572 nisi
2063 4511 2341 4572 videant
2388 4509 2599 4588 illud;

358 4607 593 4690 angeli
630 4606 812 4670 enim
852 4607 919 4668 in
965 4604 1087 4668 illo
1125 4604 1318 4669 caelo
1355 4605 1592 4668 vident
1630 4624 1792 4669 vera
1836 4624 1926 4668 ex
1974 4603 2124 4668 luce
2160 4595 2322 4680 veri,
2361 4604 2460 4667 ita
2503 4625 2596 4669 ex
