3259 5384
594 652 763 718 2444
1205 648 1710 701 APOCALYPSIS
1755 648 2209 701 EXPLICATA.

591 816 817 899 Quare
839 828 1003 883 tunc
1036 819 1277 883 eadem
1308 819 1425 883 illa
1456 838 1576 901 per
1606 829 1714 883 tot
1739 819 2060 883 miracula
2085 818 2580 902 promulganda
2603 828 2821 894 erant,

589 922 659 976 et
692 922 833 976 tam
864 911 1101 977 santSta
1132 913 1488 977 habenda?
1562 913 1822 977 Annon
1854 923 2234 996 propterea,
2263 924 2337 977 ut
2368 914 2824 996 unusquisque

588 1004 705 1068 illa
741 1006 992 1070 faceret
1023 1027 1114 1069 ex
1151 1008 1500 1089 religione,
1534 1026 1614 1071 ae
1653 1009 1750 1070 ita
1784 1028 1875 1071 ex
1915 1006 2087 1083 Deo,
2123 1018 2192 1071 et
2225 1026 2360 1069 non
2395 1006 2826 1069 solummodo

588 1120 679 1163 ex
718 1099 870 1181 lege
908 1100 1085 1163 civili
1122 1111 1191 1163 et
1230 1101 1487 1175 morali,
1527 1120 1605 1164 ac
1653 1102 1750 1164 ita
1785 1120 1876 1163 ex
1921 1121 1994 1164 se
2032 1111 2105 1165 et
2143 1111 2420 1182 propter
2457 1098 2824 1162 mundum?

591 1192 784 1257 Haec
825 1214 1026 1257 causa
1062 1194 1627 1276 promulgationis
1663 1193 1930 1259 illorum
1975 1216 2014 1259 e
2061 1194 2304 1258 Monte
2349 1193 2532 1257 Sinai
2567 1193 2710 1268 fuit,
2750 1202 2824 1255 et

589 1307 794 1350 causa
818 1286 1201 1351 sanetitatis
1225 1288 1491 1352 illorum
1515 1309 1531 1366 ;
1570 1307 1729 1351 nam
1760 1287 1980 1352 facere
2009 1288 2128 1351 illa
2151 1298 2516 1370 praecepta
2545 1308 2636 1350 ex
2667 1285 2823 1349 reli·

588 1382 791 1463 gione
829 1380 1134 1462 purificat
1172 1383 1510 1447 internum
1548 1381 1914 1458 hominem,
1947 1384 2164 1464 aperit
2199 1382 2484 1455 caelum,
2519 1380 2822 1444 admittit

590 1474 979 1551 Dominum,
1013 1484 1084 1539 et
1121 1476 1463 1539 hominem
1494 1476 1717 1558 quoad
1751 1477 2055 1557 spiritum
2087 1495 2280 1539 suum
2311 1476 2471 1539 facit
2503 1475 2820 1556 angelum

588 1570 777 1632 caeli.
870 1570 1038 1633 Inde
1070 1590 1335 1652 quoque
1367 1580 1473 1633 est
1510 1571 1693 1651 quod
1723 1580 1991 1653 genteS,
2025 1590 2196 1653 quae
2230 1580 2431 1634 extra
2462 1570 2820 1633 ecclesiam

588 1674 768 1739 sunt,
804 1684 1040 1727 omnes
1076 1665 1423 1728 salventur
1460 1666 1570 1746 qui
1608 1674 1976 1745 praecepta
2011 1665 2128 1727 illa
2165 1686 2258 1727 ex
2285 1664 2622 1751 ‘religione
2660 1662 2820 1727 saci-

588 1766 733 1831 unt,
767 1768 836 1821 et
876 1776 1012 1821 non
1044 1757 1283 1840 aliquis
1312 1758 1423 1839 qui
1462 1756 1895 1822 solummodo
1931 1780 2021 1821 ex
2061 1758 2218 1839 lege
2249 1757 2425 1821 civili
2455 1769 2526 1822 et
2563 1756 2821 1821 morali.

588 1850 896 1931 Explora
920 1871 1118 1927 nunc,
1144 1871 1374 1915 annon
1398 1852 1725 1915 hodierna
1749 1852 1936 1928 fides,
1961 1872 2130 1935 quae
2157 1863 2261 1915 est
2287 1852 2466 1934 quod
2493 1851 2823 1915 Dominus

589 1964 825 2025 passus
850 1946 934 2008 sit
962 1964 1083 2027 pro
1108 1946 1357 2009 nostris
1382 1947 1701 2026 peccatiS,
1736 1945 1916 2028 quod
1943 1947 2286 2010 sustulerit
2313 1947 2822 2009 damnationem

589 2037 759 2119 legis
784 2058 902 2119 per
932 2038 1397 2120 impletionem
1424 2038 1585 2120 ejus»,
1614 2050 1687 2103 et
1721 2040 1902 2123 quod
1935 2040 2140 2103 homo
2163 2039 2566 2121 justificetur
2589 2050 2662 2103 et
2693 2040 2824 2103 sal-

588 2144 783 2196 vetur
815 2152 933 2213 per
963 2133 1147 2195 illam
1180 2131 1379 2195 fidem
1408 2133 1664 2216 absque
1696 2134 1890 2197 bonis
1921 2135 2256 2215 operibus,
2283 2134 2560 2197 solverit
2591 2134 2822 2197 omnia

586 2226 701 2289 illa
726 2237 1115 2308 praecepta;
1154 2226 1457 2289 extende
1477 2228 1693 2290 visum
1719 2238 1931 2301 tuum,
1956 2238 2026 2290 et
2051 2229 2407 2309 investiga,
2430 2237 2597 2310 quot
2621 2227 2821 2315 hodie

585 2322 655 2384 in
692 2322 855 2385 orbe
892 2320 1277 2385 Christiano
1313 2332 1492 2395 sunt,
1534 2324 1646 2404 qui
1689 2341 1822 2384 non
1861 2322 2046 2386 illam
2086 2322 2288 2386 fidem
2323 2325 2577 2386 vivunt.
2665 2320 2822 2385 Scio

585 2414 767 2496 quod
804 2416 1260 2496 respondeant
1296 2416 1477 2497 quod
1516 2416 1890 2479 imbecilles
1927 2427 1998 2480 et
2037 2416 2281 2480 infirmi
2319 2418 2626 2480 homines
2661 2418 2818 2490 sint,

586 2509 730 2570 nati
784 2509 850 2571 in
898 2510 1216 2591 peccatiS,
1266 2520 1337 2573 et
1380 2509 1625 2573 similia
1669 2510 1839 2588 alia;
1895 2512 2015 2574 sed
2061 2512 2208 2593 quis
2255 2530 2391 2574 non
2438 2520 2670 2592 potest
2727 2532 2818 2573 ex

586 2601 911 2683 religione
966 2604 1313 2683 cogitare?
1372 2604 1501 2667 hoc
1555 2605 1676 2668 dat
1731 2604 2062 2667 Dominus
2115 2605 2461 2679 unicuiviS,
2517 2613 2590 2666 et
2641 2602 2818 2683 apud

583 2695 774 2759 illum
796 2698 906 2779 qui
930 2718 1021 2759 ex
1043 2698 1366 2779 religione
1388 2696 1553 2762 talia
1572 2700 1856 2780 cogitat,
1881 2698 2210 2762 Dominus
2235 2708 2553 2780 operatur
2572 2697 2816 2771 omnia,

585 2800 915 2874 quantum
953 2793 1256 2871 cogitat;
1303 2802 1375 2855 et
1413 2792 1587 2855 scias
1622 2792 1803 2874 quod
1842 2794 1952 2876 qui
1989 2812 2079 2855 ex
2120 2792 2444 2873 religione
2482 2791 2597 2853 illa
2631 2790 2818 2872 cogi-

584 2894 712 2959 tat,
752 2885 809 2947 is
844 2885 1080 2948 credat
1119 2885 1301 2967 quod
1340 2885 1527 2949 Deus
1562 2888 1670 2961 sit,
1711 2906 1788 2949 ac
1829 2885 2010 2969 quod
2047 2886 2334 2960 caelum,
2373 2885 2700 2947 infernum
2747 2894 2817 2947 et

582 2979 727 3042 vita
756 2988 913 3060 post
946 2988 1237 3041 mortem
1262 2980 1437 3058 sint3
1484 2990 1556 3043 at
1588 2982 1700 3063 qui
1732 3000 1866 3043 non
1897 2980 2014 3043 illa
2045 3000 2134 3043 ex
2168 2980 2497 3061 religione
2529 2980 2814 3061 cogitat.

582 3092 899 3137 assevero
934 3074 1118 3155 quod
1154 3073 1270 3137 illa
1307 3094 1443 3139 non
1479 3074 1734 3138 credat.

1496 3363 1702 3402 vnsus
1739 3350 1915 3415 14-16.

701 3474 911 3543 903·
967 3480 1059 3524 “Et
1088 3480 1191 3531 otdl,
1220 3484 1269 3525 et
1296 3492 1398 3525 σοοο
1423 3482 1561 3525 nuuc
1586 3483 1702 3531 atha.
1733 3484 1782 3525 et
1809 3492 1944 3533 nuper
1969 3482 2083 3525 nubo
2108 3484 2270 3525 eedem
2296 3482 2457 3525 etmtm
2483 3482 2591 3525 fimo
2617 3484 2815 3533 homenes,

580 3538 747 3582 hauns
766 3551 903 3591 cuper
922 3542 1070 3592 omre
1089 3553 1171 3585 cuo
1189 3552 1389 3585 monam
1410 3554 1605 3592 aurem,
1628 3546 1678 3585 et
1701 3543 1748 3585 tn
1771 3554 1903 3585 nanu
1927 3552 2012 3585 aaa
2033 3542 2200 3595 funem
2221 3546 2410 3585 acutam
2465 3544 2522 3585 ft
2543 3545 2664 3586 attus
2687 3554 2818 3595 mue·

580 3596 651 3639 tue
675 3598 815 3639 exten
838 3608 865 3640 e
890 3600 1063 3649 tempto.
1086 3603 1283 3643 olamans
1309 3610 1467 3651 maana
1494 3611 1596 3642 voce
1621 3602 1797 3643 cedent!
1822 3611 1957 3650 cuper
1981 3602 2106 3647 nube.
2130 3600 2256 3643 mtto
2277 3600 2444 3651 falcem
2471 3604 2592 3643 tuam
2619 3604 2668 3643 et
2693 3604 2815 3649 ηοω.

579 3654 683 3705 anta
704 3654 823 3696 oentt
847 3654 932 3697 ΠὺΙ
950 3656 1057 3697 hora
1078 3656 1283 3704 maadi,
1303 3656 1407 3707 quta
1428 3656 1549 3698 arutt
1567 3656 1730 3699 maele
1750 3659 1916 3699 torrae.
1969 3656 2023 3698 ft
2041 3657 2165 3699 miste
2184 3659 2348 3699 eodone
2368 3666 2504 3707 cuper
2524 3657 2638 3700 auu
2653 3656 2818 3708 fatum

578 3720 705 3753 uam
723 3721 858 3761 cuper
878 3714 1057 3761 terram,
1078 3718 1127 3755 et
1146 3715 1352 3757 demun
1372 3717 1447 3757 ut
1466 3714 1641 3756 terrast
2535 3744 2542 3749 -

615 3834 693 3886 14.
740 3822 837 3877 ‘Et
860 3822 1001 3882 vidi?
1016 3823 1259 3889 signifieat
1274 3826 1666 3891 praedido'onem
1681 3828 1744 3877 de
1755 3828 2064 3891 separatione
2083 3828 2324 3877 bonorum
2341 3844 2376 3876 a
2393 3829 2544 3877 malis
2563 3828 2642 3895 [n.
2659 3826 2816 3894 9ο4];

844 3894 931 3942 ‘ot
959 3904 1081 3943 oceo
1102 3891 1267 3945 nubo·
1298 3892 1457 3951 4116σῖ
1478 3892 1723 3957 signifieat
1740 3893 2004 3943 Divinum
2042 3894 2224 3943 Verum
2260 3895 2316 3943 in
2351 3896 2562 3955 ultimis,
2583 3897 2736 3960 quale
2753 3901 2822 3945 est

841 3956 1051 4007 Verbum
1075 3958 1132 4006 in
1146 3974 1293 4007 sensu
1306 3958 1516 4019 litterae,
1530 3960 1619 4009 cm·
1636 3974 1805 4008 sensus
1823 3960 2104 4045 oein'tualzlt
2120 3962 2248 4008 inest
2265 3960 2343 4027 [n.
2365 3960 2524 4026 90513
2563 3964 2652 4013 ‘ot
2662 3974 2820 4027 cuper

841 4023 977 4075 nubo
1007 4023 1200 4076 eodone
1232 4022 1419 4077 ee'mt'lio
1452 4022 1577 4076 mio
1602 4023 1836 4083 haurivit,
1885 4024 2126 4089 significat
2159 4026 2446 4075 Dominam
2482 4028 2540 4075 in
2562 4028 2728 4085 caela,
2761 4029 2816 4076 in

838 4088 1044 4139 Divino
1080 4090 1199 4139 Vero
1228 4106 1315 4141 seu
1350 4090 1499 4139 Verbo
1526 4093 1667 4168 quod
1691 4092 1755 4141 ab
1789 4092 1900 4157 Ipso
1935 4090 2009 4159 [n.
2024 4091 2182 4157 906];
2221 4092 2444 4145 “habeat
2467 4106 2632 4159 cupos·
2651 4093 2818 4159 cupii·

840 4168 939 4207 cuo
962 4170 1201 4209 coronam
1224 4158 1482 4215 auream?
1499 4156 1740 4221 significat
1762 4157 2024 4207 Divinum
2049 4158 2255 4207 Bonum
2278 4160 2562 4208 accinctum
2584 4160 2658 4208 ad
2671 4160 2816 4225 judi-

840 4222 973 4269 cium
1002 4220 1080 4287 [n.
1100 4221 1227 4288 907]
1242 4240 1258 4283 ;
1296 4226 1386 4275 ‘ot
1414 4222 1465 4274 e'a
1493 4236 1648 4275 manu
1681 4236 1782 4275 cua
1817 4224 2002 4275 taleam
2018 4224 2269 4283 acutam,”
2290 4223 2535 4289 significa
2557 4224 2818 4274 Da'rtinun

838 4286 1020 4337 Verum
1040 4290 1283 4353 exqmwe
1302 4291 1587 4355 aptorum,
1608 4297 1658 4338 et
1673 4297 1913 4354 separans
1937 4290 2016 4357 [n.
2040 4290 2189 4356 908].

610 4403 635 4443 ι
640 4402 689 4458 5.
735 4390 831 4445 -te
846 4389 986 4445 alluo
1006 4392 1224 4459 annolus
1258 4392 1419 4447 exivit
1438 4406 1471 4447 ο
1502 4394 1736 4461 templo!
1755 4394 1996 4458 significa
2017 4396 2406 4460 efflorationem
2439 4411 2472 4444 a
2507 4394 2732 4448 Domino
2755 4397 2815 4445 de

834 4466 970 4509 statu
1000 4460 1222 4509 ecclesiae
1254 4462 1313 4509 in
1346 4462 1604 4511 communi
1636 4461 1715 4528 [n.
1733 4460 1892 4526 909];
1943 4463 2205 4515 ‘clamat
2231 4476 2417 4529 mamm
2457 4476 2580 4514 roe·
2611 4460 2817 4515 ΒΜ

834 4538 998 4592 cuper
1017 4524 1192 4584 nubo?
1214 4540 1239 4574 s
1342 4525 1455 4576 fient
1486 4528 1934 4577 annuntiationem
1953 4535 2070 4593 post
2097 4530 2484 4593 explorationem
2515 4542 2605 4578 sen
2639 4529 2812 4577 visita·

834 4592 1017 4642 nonem
1055 4592 1133 4659 [n.
1158 4541 1341 4659 9135?
1361 4590 1537 4645 ‘uim
1564 4594 1750 4645 {aloem
1785 4597 1926 4645 tuam
1961 4598 2020 4646 ot
2045 4598 2196 4652 moto,
2219 4593 2339 4662 quia
2377 4592 2514 4646 vonit
2539 4590 2652 4647 Tibe·
2681 4593 2808 4646 hom
