3259 5384
575 633 742 715 2058
1194 646 1695 702 APOCALYPSIS
1738 647 2187 700 ExrchTA.

836 830 964 864 num
999 824 1188 866 contra
1221 831 1278 865 re
1357 831 1465 876 um,
1493 826 1547 868 et
1581 827 1741 866 erunt
1773 817 1961 876 fames,
1990 825 2047 868 et
2080 825 2261 880 pestes
2295 825 2351 866 et
2385 827 2559 867 terrae
2587 815 2801 868 motus”

839 879 1054 942 (Mattk.
1077 883 1219 931 xxiv.
1246 877 1278 920 1¹
1302 893 1396 942 5-7
1417 897 1430 940 ;
1477 883 1646 932 Marc.
1669 881 1777 932 xiii.
1803 879 1953 931 [filo-8
1974 897 1987 940 ;
2028 883 2152 932 Luc.
2177 883 2282 932 xxi.
2310 879 2407 948 [8,]
2432 884 2612 946 9-11):

569 1013 738 1076 haec
771 1033 812 1076 a
849 1012 1146 1076 Domino
1178 1014 1264 1076 ad
1297 1013 1666 1096 discipulos
1696 1011 1879 1078 dicta
1908 1024 2064 1078 sunt
2102 1015 2191 1078 de
2222 1015 2801 1078 consummatione

569 1106 841 1180 saeculi,
885 1127 1004 1189 per
1047 1127 1252 1190 quam
1289 1107 1707 1190 significatur
1752 1119 1977 1172 status
2022 1109 2351 1174 ecclesiae
2388 1109 2612 1192 quoad
2648 1109 2799 1172 ulti·

572 1219 754 1263 mum
800 1200 959 1282 ejus,
1009 1202 1121 1284 qui
1173 1203 1240 1265 in
1287 1201 1418 1264 illis
1463 1203 1798 1284 capitibus
1844 1202 2285 1280 describitur;
2347 1223 2555 1285 quare
2601 1203 2799 1265 etiam

570 1294 972 1377 intelligitur
1009 1298 1392 1359 successiva
1427 1298 1771 1377 perversio
1806 1306 1877 1360 et
1924 1295 2302 1361 falsificatio
2347 1299 2487 1360 veri
2532 1307 2602 1360 et
2648 1297 2800 1360 boni

571 1389 804 1463 Verbi,
833 1409 1042 1473 usque
1073 1391 1234 1452 dum
1267 1409 1403 1453 non
1437 1391 1524 1454 sit
1557 1392 1681 1453 nisi
1712 1409 1915 1472 quam
1946 1388 2187 1453 falsum
2220 1400 2291 1454 et
2322 1391 2479 1452 inde
2512 1390 2759 1452 malum
2784 1412 2799 1466 ;

571 1503 688 1565 per
748 1484 900 1547 illos
959 1485 1126 1567 “qui
1178 1485 1444 1548 venturi
1503 1485 1570 1548 in
1629 1485 1901 1548 nomine
1958 1485 2193 1566 Ipsius,
2250 1494 2321 1547 et
2380 1505 2453 1547 se
2511 1481 2801 1548 dicturos

569 1577 932 1652 Christum,
982 1590 1052 1642 et
1099 1577 1355 1641 multos
1399 1575 1795 1653 seduGturi,”
1842 1577 2258 1660 significatur
2311 1577 2495 1660 quod
2540 1579 2799 1642 venturi

569 1674 682 1755 qui
714 1673 942 1737 dicent
977 1673 1103 1736 hoc
1136 1693 1285 1736 esse
1317 1672 1639 1736 Divinum
1671 1671 1950 1746 Verum,
1986 1692 2139 1736 cum
2171 1683 2403 1735 tamen
2436 1682 2543 1735 est
2576 1691 2799 1735 verum

568 1764 1014 1840 falsificatum,
1056 1765 1238 1848 quod
1277 1766 1342 1828 in
1389 1786 1461 1829 se
1499 1777 1605 1829 est
1643 1765 1925 1843 salsum;
1982 1786 2099 1847 per
2140 1765 2543 1830 “Christum
2559 1766 2589 1790 ”
2628 1768 2800 1829 enim

567 1858 972 1941 intelligitur
1037 1858 1370 1922 Dominus
1437 1859 1661 1942 quoad
1729 1859 2047 1923 Divinum
2108 1859 2387 1934 Verum,
2449 1871 2520 1923 at
2586 1860 2675 1923 ibi
2738 1861 2801 1923 in

465 1973 478 1986 ·
568 1955 887 2036 opposito
931 1974 1134 2016 sensu
1179 1952 1643 2016 falsificatum:
1698 1953 1878 2035 quod
1930 1953 2275 2017 “audituri
2322 1957 2459 2017 sint
2505 1954 2689 2017 bella
2732 1963 2798 2017 et

565 2064 867 2108 rumores
893 2044 1284 2121 bellorum,”
1307 2045 1643 2128 significat
1667 2047 1849 2129 quod
1872 2047 2247 2112 exstiturae
2274 2048 2801 2128 disceptationes

567 2147 639 2202 et
676 2139 832 2204 lites
869 2141 954 2203 de
993 2141 1185 2215 veris,
1221 2151 1292 2204 et
1329 2139 1487 2204 inde
1523 2139 2065 2205 falsificationes:
2114 2143 2295 2223 quod
2332 2147 2372 2176 ‘⁸
2394 2143 2803 2206 excitabitur

568 2252 740 2314 gens
778 2244 1018 2297 contra
1048 2245 1352 2316 gentem,
1388 2246 1460 2298 et
1496 2255 1781 2317 regnum
1820 2246 2062 2298 contra
2097 2237 2439 2316 regnum,”
2472 2235 2800 2318 significat

567 2327 750 2410 quod
789 2339 1246 2409 pugnaturum
1283 2328 1538 2391 malum
1585 2348 1739 2392 cum
1784 2329 1967 2392 malo
2005 2342 2075 2394 et
2112 2329 2353 2393 falsum
2400 2347 2553 2392 curn
2596 2329 2799 2406 salso;

569 2441 728 2484 nam
765 2422 946 2484 mala
982 2423 1157 2484 inter
1194 2441 1267 2484 se
1299 2441 1629 2506 nusquam
1663 2425 2098 2498 conveniunt,
2135 2444 2259 2486 nec
2298 2422 2466 2486 falsa
2496 2423 2675 2486 inter
2710 2442 2798 2496 se,

568 2536 742 2598 quae
780 2535 982 2578 causa
1019 2525 1125 2579 est
1171 2517 1352 2599 quod
1391 2515 1721 2580 ecclesiae
1760 2519 1935 2581 inter
1970 2537 2043 2580 se
2088 2517 2344 2581 divisae
2384 2519 2541 2590 sint,
2582 2527 2653 2581 et
2698 2527 2800 2580 tot

567 2609 884 2674 haereses
931 2610 1345 2691 prodierint;
1414 2615 1642 2692 “gens
1658 2611 1687 2636 ”
1732 2611 2068 2693 significat
2122 2612 2274 2675 illos
2327 2613 2439 2695 qui
2492 2613 2558 2675 in
2614 2611 2801 2674 malis

567 2715 750 2779 sunt,
798 2714 870 2767 et
913 2705 1300 2786 “regnum''
1337 2705 1492 2768 illos
1535 2707 1647 2788 qui
1693 2707 1760 2768 in
1806 2706 2009 2780 salsis»,
2059 2727 2148 2769 ex
2196 2708 2435 2788 quibus
2480 2706 2797 2769 ecclesia:

567 2798 751 2881 quod
793 2805 1047 2863 “erunt
1094 2799 1324 2874 sameS,
1370 2809 1441 2862 et
1486 2809 1719 2880 pestes
1764 2809 1834 2864 et
1881 2809 2101 2864 terrae
2148 2799 2433 2874 motu3,”
2471 2798 2801 2880 significat

568 2893 752 2975 quod
812 2893 1100 2975 amplius
1163 2893 1388 2958 nullae
1445 2895 1873 2976 cognitiones
1926 2895 2066 2958 veri
2125 2905 2195 2958 et
2258 2895 2437 2968 boni,
2494 2905 2567 2958 et
2626 2893 2800 2977 quod

570 2998 850 3070 propter
883 2987 1054 3050 falsa
1089 3009 1260 3071 quae
1299 2985 1624 3052 infectura
1664 2998 1844 3064 sunt,
1884 2997 2106 3052 status
2144 2989 2471 3052 eeclesiae
2511 3000 2799 3064 mutare-

568 3092 717 3159 tur;
770 3082 1038 3146 “fames
1055 3082 1084 3106 ’'
1115 3094 1221 3146 est
1261 3084 1548 3164 privatio
1585 3084 2055 3164 cognitionum
2087 3084 2226 3146 veri
2263 3094 2335 3148 et
2372 3083 2553 3158 boni,
2592 3087 2631 3114 ‘⁴
2655 3101 2800 3164 pes-

567 3186 677 3239 tes
693 3175 722 3200 ”
782 3187 940 3240 sunt
1005 3174 1404 3240 infectiones
1467 3198 1510 3240 a
1573 3177 1779 3252 salsiS,
1840 3187 1910 3242 et
1974 3183 2252 3241 “terrae
2318 3186 2543 3242 motus
2560 3177 2590 3200 ’⁹
2648 3185 2804 3240 sunt

568 3271 896 3336 ecclesiae
935 3273 1370 3336 mutationes.
1461 3271 1803 3352 Quoniam
1845 3270 2131 3334 “bella’'
2169 3273 2236 3335 in
2275 3269 2509 3335 Verbo
2550 3269 2800 3352 signifi-

566 3376 729 3431 cant
763 3365 944 3429 bella
975 3365 1368 3446 spiritualia,
1400 3386 1573 3456 quae
1605 3376 1764 3429 sunt
1797 3384 2065 3447 pugnae
2097 3365 2243 3428 falsi
2277 3376 2519 3449 contra
2550 3384 2800 3437 verum,

567 3470 640 3525 et
687 3462 826 3524 veri
873 3471 1114 3524 contra
1160 3459 1422 3533 falsum,
1464 3460 1617 3523 ideo
1663 3479 1931 3541 pugnae
1977 3459 2132 3524 illae
2180 3459 2653 3524 describuntur
2690 3479 2805 3540 per

570 3555 884 3618 “bellum
916 3556 1095 3620 inter
1127 3575 1358 3636 regem
1391 3557 1877 3635 septentrionis
1913 3565 2153 3618 contra
2184 3575 2415 3636 regem
2448 3553 2804 3628 meridiei,”

564 3658 636 3713 et
663 3669 783 3730 per
805 3655 844 3682 “
863 3669 1162 3732 pugnam
1189 3650 1353 3712 hirci
1374 3667 1725 3729 caprarum
1746 3659 1985 3713 contra
1999 3647 2339 3723 arietem,’'
2357 3648 2537 3729 apud
2554 3648 2803 3712 Danie-

566 3742 736 3818 lem,·
782 3745 868 3807 de
901 3744 1084 3807 bello
1123 3744 1297 3807 inter
1333 3762 1564 3825 regem
1597 3744 2079 3824 septentrionis
2110 3753 2181 3806 et
2216 3762 2449 3824 regem
2483 3744 2801 3818 meridiei,

566 3857 711 3920 cap.
750 3839 874 3916 xi.;
928 3848 1000 3901 et
1047 3839 1132 3902 de
1179 3856 1409 3920 pugna
1445 3837 1609 3902 hirci
1647 3856 2000 3918 caprarum
2037 3847 2278 3901 contra
2313 3839 2617 3910 arietem,
2659 3857 2802 3918 cap.

563 3932 726 4009 viii.;
772 3942 843 3995 et
877 3932 968 3995 ibi
1009 3951 1128 4014 per
1163 3936 1456 4012 “regem
1493 3930 1978 4011 septentrionis
1995 3929 2025 3955 ’⁹
2054 3930 2527 4012 intelliguntur
2562 3931 2658 3993 illi
2695 3931 2803 4012 qui

567 4027 636 4089 in
682 4026 864 4089 salsis
910 4036 1090 4100 sunt,
1139 4035 1210 4088 et
1259 4045 1377 4106 per
1425 4031 1717 4105 “regem
1764 4025 2107 4088 meridiei”
2144 4025 2255 4108 qui
2300 4026 2369 4086 in
2415 4023 2631 4088 veris:
2688 4043 2804 4106 per

571 4122 888 4185 “hircum
905 4121 934 4144 ”
967 4117 1432 4202 significantur
1467 4120 1580 4203 qui
1616 4121 1685 4182 in
1721 4119 1905 4183 falsis
1942 4117 2288 4183 doctrinae
2326 4120 2483 4202 quia
2519 4119 2584 4181 in
2623 4118 2803 4181 malo

563 4218 770 4291 vitae,
804 4227 876 4280 et
913 4235 1033 4296 per
1068 4221 1107 4246 “
1129 4214 1457 4278 arietem”
1487 4216 1599 4298 qui
1635 4215 1701 4278 in
1740 4215 1915 4281 veris
1946 4211 2293 4278 doctrinae
2324 4215 2480 4296 quia
2517 4213 2584 4276 in
2625 4213 2803 4276 bono

563 4313 768 4375 vitae.
857 4309 970 4372 Ex
1016 4309 1121 4372 his
1167 4319 1480 4372 constare
1519 4319 1752 4390 potest
1789 4308 1948 4392 quid
1986 4307 2403 4390 significatur
2441 4327 2560 4390 per
2601 4305 2801 4390 “bel-

565 4406 706 4469 lum
721 4403 751 4430 ”
789 4405 997 4468 etiam
1035 4403 1194 4466 alibi
1232 4405 1299 4466 in
1337 4402 1768 4485 Apocalypsi,
1809 4411 1885 4466 ut
1918 4403 1987 4466 in
2024 4403 2467 4484 sequentibus
2491 4422 2597 4464 :—

663 4542 696 4565 ‘0
707 4539 908 4605 Quum.
930 4538 982 4589 .”
1008 4547 1174 4588 testes
1201 4538 1572 4588 “absolverint
1597 4537 1964 4586 testimonium
1990 4549 2161 4594 suum,
2182 4536 2371 4597 bestia,
2390 4551 2525 4600 quae
2550 4538 2802 4586 ascendet

825 4620 894 4654 ex
921 4607 1134 4668 abysso,
1161 4603 1320 4654 faciet
1348 4604 1550 4654 bellum
1575 4617 1699 4654 cum
1728 4603 1850 4662 illis,
1880 4611 1935 4652 et
1962 4602 2139 4652 vincet
2166 4601 2291 4652 illos
2318 4613 2375 4652 et
2399 4603 2607 4654 occidet
2638 4601 2801 4654 illos”

827 4671 916 4734 (xi.
943 4673 1025 4732 7);
