3259 5384
751 689 912 773 1962
1365 706 1865 761 APOCALYPsxs
1912 709 2363 762 EXPLICATA.

859 881 1044 952 715.
1102 870 1388 937 'Haben
1407 873 1612 956 capita
1632 873 2221 957 “fimf—Quod
2252 875 2593 958 significet
2625 877 2975 944 scientiam

741 965 1127 1030 sauciorum
1196 967 1412 1045 Verbi,
1461 990 1630 1052 quae
1678 970 2249 1048 adulteraverunt,
2296 981 2363 1035 et
2410 973 2563 1036 inde
2612 975 2971 1048 insaniam,

740 1067 818 1122 at
877 1079 1084 1141 usque
1141 1063 1486 1138 astutiam,
1545 1073 1826 1128 constat
1892 1085 1982 1128 ex
2042 1063 2541 1146 significatione
2602 1069 2975 1151 “capitiS,'’

739 1153 923 1234 quod
976 1155 1065 1217 sit
1111 1154 1573 1239 intelligentia
1616 1167 1691 1221 et
1743 1159 2099 1240 sapientia,
2130 1165 2228 1222 'ac
2282 1161 2351 1222 in
2396 1162 2729 1242 'opposito
2770 1182 2969 1226 sensu

741 1243 1009 1307 insania
1045 1255 1116 1308 et
1154 1247 1455 1311 stultitia
1489 1263 1575 1324 (de
1591 1278 1691 1323 qua
1706 1278 1867 1325 supra.
1884 1279 1933 1312 ιι.
1962 1263 2035 1331 55
2047 1267 2100 1329 3,
2124 1264 2369 1331 1¹1577);
2414 1253 2597 1332 quod
2633 1254 2847 1316 etiam
2883 1253 2969 1317 sit

741 1339 1002 1402 astutia
1055 1355 1126 1415 (n.
1161 1353 1402 1422 [21577):
1476 1351 1549 1406 et
1611 1363 1703 1406 ex
1766 1341 2273 1425 significatione
2333 1345 2730 1426 “septem,”
2786 1346 2969 1431 quod

739 1424 880 1488 sint
914 1447 1156 1492 omnes
1199 1440 1272 1493 et
1315 1431 1571 1504 omnia,
1609 1451 1691 1496 ac
1735 1432 2051 1496 dicantur
2093 1433 2179 1495 de
2222 1431 2481 1496 sanetis
2516 1450 2602 1508 (de
2622 1463 2722 1508 qua
2738 1463 2967 1510 supr-,2

739 1534 914 1600 257),
960 1520 1067 1585 hic
1117 1524 1348 1606 itaque
1399 1525 1486 1588 de
1537 1524 1795 1589 sanetis
1848 1525 2084 1602 Verbi,
2130 1547 2306 1609 quae
2358 1527 2967 1593 adulteraverunt:

745 1621 783 1646 ‘⁴
801 1627 1070 1699 septem
1089 1619 1120 1643 ”
1142 1621 1297 1702 quia
1321 1621 1639 1684 dicuntur
1672 1621 1759 1684 de
1790 1618 2065 1698 sanetis,
2093 1625 2303 1687 etiam
2336 1626 2405 1688 in
2427 1626 2750 1708 opposito
2773 1643 2973 1688 sensu

740 1709 1059 1777 dicuntur
1111 1714 1196 1778 de
1253 1714 1388 1778 illis
1433 1715 1840 1780 adulteratis
1887 1727 1959 1780 et
2005 1717 2417 1799 profanatis;
2477 1720 2972 1802 unumquodvis

739 1805 807 1867 in
854 1803 1090 1871 Verbo
1141 1809 1350 1872 etiam
1403 1810 1797 1891 oppositum
1844 1829 2117 1874 sensum
2170 1811 2402 1887 habet,
2452 1822 2524 1877 et
2578 1813 2969 1895 oppositum

741 1897 982 1964 saneto
1036 1911 1144 1966 est
1199 1903 1574 1986 profanum.
1683 1903 1795 1967 Ex
1856 1903 1987 1967 his·
2019 1914 2216 1987 patet
2276 1906 2457 1988 quod
2512 1927 2631 1989 per
2688 1909 2973 1990 “capita

737 1995 1068 2075 septem,”
1113 2016 1287 2078 quae
1343 1996 1596 2060 habere
1642 1999 1825 2060 visus
1878 2006 1985 2061 est
2039 1998 2268 2073 draco,
2318 2019 2455 2063 non
2499 1999 2975 2082 intelligantur

741 2088 991 2169 capita,
1041 2109 1166 2152 nec
1220 2101 1514 2174 septem,
1561 2091 1685 2154 sed
1739 2091 2030 2155 scientia
2081 2091 2471 2156 sanetorum
2520 2093 2753 2169 Verbi,
2802 2115 2977 2177 quae

738 2181 1318 2260 adulteraverunt,
1366 2195 1440 2249 et
1486 2186 1646 2250 inde
1691 2187 1974 2260 insania,
2022 2195 2097 2249 at
2144 2207 2355 2269 usque
2400 2190 2676 2252 astutia.
2768 2187 2975 2270 Quod

737 2275 1000 2340 insania
1037 2297 1158 2360 per
1197 2283 1460 2360 “caput
1497 2280 1815 2343 draconis
1830 2279 1863 2304 '’
1899 2278 2337 2362 significetur,
2376 2292 2484 2346 est
2522 2283 2677 2364 quia
2714 2281 2973 2345 intelli-

738 2373 976 2451 gentia
1033 2371 1288 2436 homini
1343 2373 1677 2438 ecclesiae
1734 2382 1842 2438 est
1902 2395 1993 2436 ex
2054 2376 2365 2456 genuinis
2416 2378 2591 2438 veris
2647 2395 2822 2458 quae
2882 2397 2975 2440 ex

738 2464 975 2529 Verbo
998 2487 1015 2543 ;
1062 2465 1453 2531 intellee'ffls
1479 2487 1639 2532 vere
1665 2466 1999 2530 humanus
2024 2467 2351 2532 formatur
2380 2479 2451 2532 et
2484 2467 2829 2552 perficitur
2852 2489 2978 2552 per

735 2579 900 2623 vera
944 2561 1302 2636 naturalia,
1344 2562 1589 2636 civilia,
1629 2561 1937 2636 moralia,
1982 2570 2057 2625 et
2104 2561 2521 2645 spiritualia;
2581 2560 2977 2627 intellefitus

737 2655 1022 2718 interior
1059 2675 1178 2737 per
1214 2675 1376 2719 vera
1413 2655 1811 2738 spiritualia,
1851 2657 2156 2719 exterior
2192 2666 2423 2720 autem
2462 2677 2583 2738 per
2617 2676 2777 2720 vera
2824 2677 2974 2722 mo-

743 2747 912 2812 ralia
947 2759 1019 2812 et
1057 2748 1316 2812 civilia:
1367 2751 1524 2813 inde
1561 2749 1787 2832 qualia
1824 2759 1985 2813 sunt
2022 2769 2204 2824 vera,
2240 2751 2399 2813 talis
2436 2761 2543 2814 est
2581 2749 2977 2816 intelleRus

736 2862 830 2907 ex
888 2844 1146 2926 quibuS.
1254 2843 1504 2908 Omnia
1561 2865 1723 2908 vera
1776 2844 2151 2927 spiritualia
2210 2855 2369 2907 sunt
2428 2865 2520 2908 ex
2575 2843 2833 2920 Verbo,
2892 2866 2974 2909 ac

737 2956 942 3001 unum
988 2958 1144 3002 cum
1189 2939 1373 3002 bono
1410 2939 1660 3003 amoris
1698 2935 1823 3002 ¹⁹¹et
1862 2938 2219 3002 charitatis
2255 2938 2530 3002 faciunt.
2620 2937 2689 3002 Si
2736 2941 2973 3022 itaque

736 3030 946 3094 homo
969 3052 1174 3096 omne
1205 3033 1538 3097 ecclesiae
1568 3041 1641 3098 et
1674 3031 1845 3096 caeli
1876 3034 2071 3114 ponit
2105 3033 2171 3094 in
2204 3031 2357 3107 fide,
2384 3041 2455 3095 et
2496 3053 2585 3096 ex
2618 3031 2737 3095 illa
2767 3053 2971 3114 sepa-

738 3133 846 3188 rat
879 3124 1132 3189 bonum
1163 3125 1522 3191 charitatis
1559 3136 1631 3190 et
1670 3128 1941 3200 amoriS,
1980 3125 2086 3208 (ut
2123 3126 2378 3188 faciunt
2414 3125 2514 3192 illi
2549 3127 2661 3208 qui
2697 3130 2736 3157 “
2758 3137 2970 3208 caput

735 3219 1052 3283 draconis
1067 3219 1097 3243 ”
1131 3221 1590 3296 constituunt,
1623 3229 1701 3284 ut
1738 3222 1807 3284 in
1838 3219 2128 3283 articulo
2164 3221 2476 3302 proxime
2512 3221 2973 3302 praecedente

733 3310 992 3376 dietum
1038 3312 1202 3396 est.)
1245 3325 1407 3377 tunc
1454 3311 1847 3379 intellecStus
1884 3315 2165 3377 interior
2204 3331 2341 3375 non
2377 3313 2649 3376 formari
2690 3323 2969 3396 potest;

733 3409 894 3472 inde
931 3407 1065 3471 illis
1102 3428 1224 3491 pro
1261 3408 1725 3490 intelligentia
1762 3410 1829 3472 in
1876 3407 2336 3490 spiritualibus
2371 3417 2479 3471 est
2516 3409 2825 3486 insania;
2876 3429 2971 3472 ex

732 3503 1065 3585 principio
1089 3503 1268 3566 enim
1300 3502 1474 3566 salso
1505 3501 1721 3566 fluunt
1752 3501 1923 3566 falsa
1952 3503 2021 3565 in
2054 3502 2380 3565 continua
2409 3503 2603 3576 serie,
2630 3511 2701 3564 et
2734 3523 2825 3564 ex
2858 3522 2969 3565 se-

733 3597 1092 3678 paratione
1117 3597 1278 3660 boni
1303 3596 1661 3661 charitatis
1686 3615 1825 3660 non
1850 3594 1985 3658 illis
2004 3595 2148 3658 dari
2172 3603 2406 3676 potest
2426 3594 2704 3677 aliquod
2726 3597 2968 3676 genui-

735 3708 896 3753 num
917 3709 1172 3765 verum,
1189 3692 1509 3773 quoniam
1534 3709 1738 3754 omne
1756 3706 1991 3753 verum
2012 3699 2117 3752 est
2145 3688 2327 3763 boni,
2346 3690 2555 3752 immo
2575 3699 2681 3752 est
2708 3688 2965 3752 bonum

732 3785 802 3847 in
833 3783 1085 3846 forma:
1135 3784 1386 3847 exinde
1418 3793 1614 3866 patet
1646 3783 1827 3866 quod
1860 3803 1980 3865 per
2013 3788 2278 3864 “caput
2316 3782 2631 3846 draconis
2646 3781 2677 3806 ”
2708 3781 2970 3864 signifi-

733 3887 928 3940 cetur
958 3879 1221 3940 insania
1252 3879 1320 3940 in
1353 3877 1835 3960 spiritualibus,
1918 3875 2121 3958 Quod
2154 3897 2272 3958 per
2308 3881 2346 3908 ‘⁴
2366 3886 2571 3960 caput
2604 3875 2923 3938 draconis
2939 3875 2973 3902 ”

731 3974 944 4034 etiam
981 3971 1400 4052 significetur
1435 3973 1715 4046 astutia,
1750 3981 1857 4035 est
1896 3973 2051 4054 quia
2088 3991 2329 4034 omnes
2366 3967 2464 4034 illi
2500 3971 2613 4053 qui
2654 3969 2973 4053 “caput'’

733 4065 875 4147 ejus
913 4067 1366 4142 constituunt,
1407 4077 1565 4130 sunt
1603 4087 1792 4130 mere
1830 4065 2177 4130 naturales
2222 4075 2293 4128 et
2339 4063 2713 4138 sensuales,
2753 4065 2867 4146 qui
2913 4067 2971 4128 si

734 4159 936 4224 simul
967 4160 1376 4225 studuerunt
1403 4159 1639 4224 Verbo
1670 4180 1748 4225 ac
1776 4157 2125 4224 doftrinae
2150 4158 2502 4232 ecclesiae,
2530 4177 2609 4220 ac
2643 4177 2767 4241 pro
2789 4160 2971 4222 veris

731 4263 1184 4337 captaverunt
1210 4255 1399 4328 falsa,
1427 4263 1499 4318 et
1532 4253 1701 4317 haec
1734 4251 2103 4316 scientifice
2129 4253 2339 4316 etiam
2364 4251 2967 4327 confirmaverunt,

730 4349 830 4412 illi
875 4368 1036 4433 prae
1082 4348 1358 4432 reliquis
1403 4349 1614 4411 astuti
1663 4358 1861 4424 sunt;
1922 4347 2043 4410 sed
2090 4347 2343 4409 astutia
2388 4346 2505 4408 illa
2558 4365 2695 4408 non
2748 4347 2848 4408 ita
2894 4367 2971 4411 se

731 4442 1124 4508 manifestat
1161 4445 1229 4507 in
1267 4442 1522 4505 mundo
1565 4443 1743 4504 sicut
1781 4451 2023 4522 postea
2066 4459 2221 4503 cum
2265 4443 2539 4522 spiritus
2578 4436 2733 4502 faeti
2782 4451 2967 4514 sunt,

731 4557 888 4600 nam
935 4538 1002 4600 in
1049 4537 1304 4600 mundo
1348 4536 1839 4600 obvelaverunt
1880 4537 2206 4598 astutiam
2252 4545 2543 4598 externa
2590 4536 2850 4616 pietate
2894 4545 2971 4598 et

731 4629 888 4696 fieta
927 4631 1318 4696 moralitate
1348 4651 1522 4714 quae
1559 4631 1887 4694 astutiam
1922 4630 2394 4708 abscondunt;
2441 4640 2512 4694 at
2552 4630 2709 4711 quia
2744 4628 2863 4692 illa
2898 4631 2971 4693 in
