3259 5384
991 700 1153 751 cAP.
1186 700 1365 764 xm,
1396 698 1605 751 vans.
1649 698 1905 750 12.--·N.
1939 686 2083 767 895.
2483 698 2656 765 2429

422 879 583 932 unt:
638 869 795 933 inde
834 880 1026 952 patet
1063 891 1235 953 quae
1273 868 1651 935 differentia
1694 881 1801 934 est
1847 869 2024 933 inter
2060 868 2406 949 antiquam
2453 867 2656 930 fidem

420 971 491 1025 et
522 962 939 1039 hodiernam,
976 983 1217 1045 nempe
1249 966 1422 1028 sicut
1452 965 1628 1028 inter
1659 964 1728 1027 id
1759 962 1940 1045 quod
1973 962 2240 1025 videtur
2269 972 2339 1025 et
2375 962 2442 1025 id
2473 961 2655 1045 quod

422 1074 559 1119 non
596 1056 903 1136 videtur;
952 1068 1027 1121 at
1066 1079 1137 1122 re
1173 1058 1319 1139 ipsa
1355 1078 1587 1121 verum
1623 1057 1807 1140 quod
1846 1056 2112 1121 videtur
2147 1077 2268 1119 seu
2304 1052 2657 1119 intellefitu

420 1150 682 1230 capitur
713 1170 847 1213 non
887 1152 1298 1215 nominanda
1326 1162 1432 1215 est
1469 1149 1657 1225 fides,
1691 1150 1812 1215 sed
1849 1150 2029 1232 quod
2064 1170 2200 1213 non
2231 1150 2498 1213 videtur
2532 1158 2650 1212 aut

420 1262 556 1307 non
589 1242 941 1309 intellectu
964 1247 1267 1326 capitur;
1312 1245 1469 1309 inde
1500 1256 1607 1309 est
1639 1244 1822 1327 quod
1845 1244 2076 1325 angeli
2105 1245 2172 1306 in
2203 1243 2655 1325 superioribus

420 1336 627 1401 caelis
658 1358 740 1403 ne
771 1340 1044 1422 quidem
1069 1340 1415 1403 nominare
1446 1340 1662 1403 velint
1692 1338 1919 1414 fidem,
1947 1338 2182 1403 vident
2201 1338 2395 1403 enim
2423 1357 2656 1401 verum

418 1450 513 1493 ex
548 1451 777 1495 amore
809 1432 969 1496 boni
1004 1444 1077 1498 et
1114 1454 1205 1497 ex
1240 1434 1387 1497 luce
1420 1435 1579 1507 veri,
1610 1454 1788 1515 quae
1823 1433 1890 1496 in
1929 1432 2060 1496 illis
2089 1443 2200 1497 est
2235 1454 2276 1495 a
2315 1432 2651 1508 Domino;

421 1536 491 1589 et
530 1526 763 1589 dicunt
801 1528 981 1609 quod
1018 1528 1275 1591 fatuum
1314 1528 1401 1591 sit
1438 1526 1641 1612 fidem
1679 1528 1928 1591 habere
1961 1527 2159 1589 alicui
2189 1527 2442 1589 dicenti
2473 1526 2656 1607 quod

419 1620 551 1683 hoc
584 1632 701 1685 aut
734 1620 899 1685 illud
930 1622 1343 1686 credendum
1374 1624 1485 1697 sit,
1518 1633 1591 1686 et
1626 1640 1764 1685 non
1795 1618 2148 1685 intellefitu
2181 1622 2462 1701 capitur,
2499 1639 2656 1683 nam

420 1714 551 1777 hoc
596 1714 768 1778 soret
804 1717 1108 1797 cogitare
1152 1718 1248 1779 ita
1292 1734 1441 1779 esse
1479 1717 1621 1779 sive
1659 1734 1890 1779 verum
1928 1717 2017 1779 sit
2061 1715 2204 1777 sive
2248 1714 2527 1793 falsum3
2584 1723 2656 1776 et

419 1808 695 1873 credere
732 1809 993 1885 salsum,
1026 1810 1430 1874 damnosum
1460 1821 1609 1873 est:
1661 1820 2012 1892 praeterea
2043 1808 2225 1891 quod
2259 1809 2552 1873 creditur
2583 1819 2655 1872 et

421 1922 560 1965 non
590 1902 877 1978 videtur,
906 1924 1031 1967 nec
1062 1906 1272 1968 intrat
1303 1904 1650 1968 hominem
1675 1903 1878 1967 altius
1901 1923 2103 1987 quam
2135 1905 2204 1967 in
2237 1904 2651 1978 memoriam,

422 1996 603 2078 quod
634 1998 695 2059 ei
734 2016 869 2061 non
902 2008 1135 2078 potest
1166 1999 1596 2080 appropriari.
1686 1997 1856 2061 Inde
1887 1999 2187 2080 sequitur
2216 1997 2397 2079 quod
2431 1998 2656 2079 potius

420 2091 803 2155 omittenda
846 2094 933 2155 sit
980 2112 1117 2155 vox
1165 2092 1339 2167 fidei,
1379 2102 1451 2155 et
1496 2092 1651 2156 loco
1695 2090 1835 2173 ejus
1869 2092 2162 2155 dicenda
2196 2093 2482 2155 veritas:
2535 2091 2658 2154 sed

422 2204 635 2267 usque
671 2186 853 2268 quod
898 2186 1214 2262 creditur,
1254 2197 1325 2249 et
1370 2206 1509 2250 non
1546 2186 1836 2261 videtur,
1875 2186 2004 2249 hoc
2051 2186 2378 2249 nominari
2425 2194 2658 2266 potest

420 2278 609 2354 fides,
660 2278 781 2341 sed
830 2279 997 2343 haec
1050 2278 1219 2343 fides
1270 2290 1377 2343 est
1432 2280 1640 2344 modo
1695 2280 2018 2357 scientia;
2081 2290 2190 2343 ast
2243 2288 2318 2342 ut
2371 2280 2656 2361 primum

422 2371 632 2435 homo
689 2370 767 2436 fit
822 2374 1204 2453 spiritualiS,
1261 2375 1441 2456 quod
1501 2373 1577 2437 fit
1639 2374 1800 2437 dum
1857 2376 2196 2437 internum
2253 2372 2416 2455 eiua,
2473 2372 2658 2455 quod

422 2467 883 2529 communicat
937 2486 1089 2531 cum
1150 2468 1364 2543 caele,
1418 2470 1734 2549 aperitur,
1785 2479 1948 2532 tunc
2001 2467 2443 2531 scientificum
2491 2466 2656 2530 illud

420 2559 605 2641 quod
648 2570 934 2625 vocatur
978 2560 1145 2625 fides
1190 2560 1265 2625 fit
1310 2564 1580 2638 veritae,
1629 2572 1998 2626 nam-tunc
2043 2582 2133 2625 ex
2181 2562 2330 2625 luce
2381 2582 2420 2625 e
2464 2561 2659 2625 caelo

418 2654 705 2717 videtur.
796 2652 1157 2719 Sciendum
1189 2666 1297 2720 est
1327 2656 1509 2739 quod
1542 2676 1781 2720 omnes
1815 2656 2044 2738 angeli
2079 2666 2151 2721 et
2187 2676 2426 2719 omnes
2463 2656 2654 2738 spiri·

418 2756 533 2811 tus
586 2746 748 2811 boni
804 2748 1081 2813 videant
1140 2770 1301 2812 vera
1356 2750 1549 2826 caeli,
1597 2752 1773 2814 sicut
1827 2751 2060 2814 oculus
2117 2752 2414 2831 corporis
2468 2750 2657 2814 videt

420 2840 689 2923 objecta
732 2843 983 2918 mundi,
1026 2863 1183 2907 nam
1226 2843 1494 2925 objecta
1528 2847 1699 2910 caeli
1742 2856 1902 2909 sunt
1937 2866 2098 2909 vera
2141 2845 2270 2908 illis
2316 2847 2426 2928 qui
2463 2846 2656 2927 spiri-

418 2936 643 3000 tuales
684 2947 883 3015 sunt;
945 2957 1147 3002 causa
1200 2950 1307 3003 est
1360 2940 1515 3022 quia
1567 2938 1955 3004 intellectus
1999 2940 2264 3003 illorum
2318 2950 2424 3003 est
2477 2942 2658 3003 visus

418 3030 785 3112 spiritualis
822 3030 1109 3095 illorum.
1200 3031 1403 3113 Quod
1435 3034 1684 3098 veritas
1721 3035 1876 3098 loco
1909 3033 2064 3097 fidei
2097 3034 2508 3097 nominanda
2542 3034 2653 3109 sit,

418 3134 525 3187 est
564 3125 721 3206 quia
755 3143 874 3205 per
910 3127 1235 3191 veritates
1276 3137 1383 3191 est
1418 3130 1640 3191 omnis
1676 3128 2132 3210 intelligentia
2167 3138 2238 3191 et
2283 3129 2653 3209 sapientia;

418 3236 539 3300 per
576 3215 779 3281 fidem
808 3229 1061 3295 autem,
1096 3221 1419 3302 imprimis
1456 3240 1577 3303 per
1611 3221 1816 3285 fidem
1853 3234 2257 3302 separatam,
2292 3234 2400 3285 est
2435 3224 2656 3287 omnis

416 3313 826 3393 ignorantia,
854 3332 1099 3395 nempe
1128 3316 1195 3377 in
1226 3316 1683 3396 spiritualibus
1707 3336 1722 3394 ;
1761 3326 2174 3399 quapropter
2195 3316 2421 3397 angeli
2451 3336 2654 3397 supe·

414 3406 669 3469 riorum
705 3406 1047 3471 caelorum
1080 3420 1398 3473 avertunt
1436 3430 1511 3473 se
1544 3410 1820 3492 quando
1849 3410 2130 3473 audiunt
2161 3409 2362 3473 fidem
2389 3430 2404 3486 ;
2451 3428 2655 3474 causa

418 3508 547 3573 est,
594 3500 751 3581 quia
796 3519 987 3563 mens
1032 3500 1299 3565 illorum
1346 3514 1696 3567 aversatur
1739 3505 1920 3586 quod
1973 3504 2060 3567 ab
2111 3503 2242 3566 illis
2285 3506 2651 3585 cogitatur,

420 3611 667 3673 nempe
691 3594 873 3675 quod
904 3593 1293 3658 intellectus
1316 3597 1764 3677 captivandus
1787 3599 1875 3661 sit
1900 3598 2025 3661 sub
2047 3598 2432 3661 obedientia
2457 3598 2612 3662 fidei
2635 3620 2650 3677 ;

420 3696 491 3751 et
514 3706 653 3749 non
684 3687 909 3751 videre
934 3708 1095 3751 vera
1118 3689 1291 3753 soret
1317 3692 1757 3771 exstinguere
1783 3692 2001 3755 lucem
2025 3692 2197 3755 caeli
2227 3694 2293 3755 in
2317 3712 2450 3775 qua
2470 3702 2650 3768 sun-t,

422 3790 493 3843 et
538 3799 711 3863 quae
746 3780 926 3861 apud
972 3780 1163 3845 illos:
1218 3784 1545 3846 mirantur
1588 3784 1797 3849 etiam
1843 3786 2024 3868 quod
2070 3786 2385 3849 credatur
2417 3805 2471 3850 'a
2509 3789 2656 3869 qui-

421 3873 707 3937 busdam
738 3875 923 3957 quod
959 3874 1125 3939 fides
1158 3875 1636 3941 intellectualis
1667 3898 1801 3943 non
1839 3881 1926 3942 sit
1964 3880 2346 3961 spiritualis,
2380 3881 2654 3962 quando

418 3966 539 4031 illa
583 3966 750 4031 fides
794 3978 901 4031 est
938 3972 1226 4047 veritas;
1288 3990 1441 4034 cum
1486 3970 1658 4035 fides
1692 3972 1942 4055 absque
1989 3972 2339 4037 intellectu
2381 3973 2520 4054 ejus
2563 3977 2653 4039 sit

420 4059 589 4124 fides
624 4061 965 4139 historica,
1006 4064 1161 4146 quia
1204 4065 1293 4128 ab
1330 4065 1486 4141 alio,
1525 4083 1698 4149 quae
1743 4067 1810 4129 in
1847 4086 1920 4131 se
1957 4064 2266 4149 speciata
2301 4078 2406 4132 est
2443 4068 2654 4132 modo

423 4154 727 4221 scientia.
