3259 5384
963 681 1123 734 cnr.
1157 681 1344 746 x111.,
1377 682 1586 734 vERs.
1627 681 1885 751 ¹7·····N·
1920 669 2065 748 840.
2458 684 2625 750 2343

398 846 858 930 significentur
895 850 1300 933 emptiones,
1339 851 1793 926 venditiones,
1832 860 2255 916 mercaturae
2290 859 2363 915 et
2407 869 2627 932 nego·

397 943 722 1032 tiationes
757 945 1145 1028 spirituales
1167 945 1380 1011 t—Ut
1413 946 1591 1028 apud
1629 945 1939 1022 Esaiam,

491 1083 731 1136 “Omnis
758 1087 964 1148 sitiens,
993 1087 1065 1137 lte
1092 1087 1162 1138 ad
1189 1101 1372 1151 aquas,
1399 1097 1454 1138 et
1479 1087 1564 1137 cui
1593 1102 1705 1137 non
1734 1097 2033 1151 argentum,
2062 1088 2151 1147 ite,
2179 1089 2341 1138 emite
2367 1097 2421 1138 et
2453 1102 2631 1138 come-

653 1153 798 1210 dite:
832 1154 905 1202 ite
927 1155 1162 1218 inquam,
1186 1154 1348 1206 emite
1376 1153 1495 1203 sine
1521 1163 1765 1216 argento,
1789 1164 1845 1204 et
1868 1154 1988 1204 eine
2015 1154 2188 1217 pretio
2208 1155 2397 1204 vinum
2423 1163 2479 1203 et
2504 1155 2585 1203 lae
2600 1153 2629 1174 '’

652 1217 744 1279 (lv.
771 1217 847 1278 1):

395 1346 575 1430 quod
607 1346 716 1411 hic
749 1368 870 1430 per
903 1353 1191 1414 “emere
1220 1349 1451 1413 vinum
1484 1357 1556 1414 et
1588 1348 1747 1413 lac-’⁹
1776 1369 1914 1414 non
1946 1349 2375 1432 intelligatur
2403 1369 2629 1415 emere

395 1440 585 1517 talia,
628 1443 1080 1525 unusquisque
1111 1443 1347 1522 videt3
1395 1452 1468 1508 et
1506 1444 1663 1526 quia
1700 1447 1983 1507 “emere
1998 1443 2029 1468 ”
2060 1443 2401 1526 significat
2438 1464 2628 1508 com·

395 1555 637 1618 parare
681 1537 808 1601 sibi
852 1536 1020 1600 talia
1061 1557 1236 1620 quae
1283 1540 1677 1602 conducunt
1715 1539 1899 1602 vitae
1944 1537 2275 1620 spirituali
2312 1537 2625 1612 hominis,

397 1639 592 1712 patet
636 1631 820 1713 quod
863 1630 1131 1713 singula
1174 1633 1264 1696 ibi
1311 1632 1759 1715 spiritualiter
1803 1631 2257 1714 intelligenda
2300 1633 2478 1709 sint;
2532 1633 2631 1697 ita

397 1744 514 1806 per
570 1725 895 1807 “aqua3,’'
937 1725 1027 1788 ad
1083 1745 1250 1808 quas
1299 1727 1576 1788 “omnis
1629 1727 1869 1789 sitiens
1920 1725 2108 1800 iret,”
2162 1725 2630 1807 significantur

397 1838 556 1882 vera
593 1819 1136 1883 desiderantibus
1173 1820 1330 1898 illa;
1382 1825 1657 1903 “aquae
1673 1820 1704 1846 ”
1740 1830 1901 1884 sunt
1940 1841 2101 1884 vera
2137 1841 2228 1884 ex
2267 1820 2522 1896 Verb0,
2556 1830 2629 1884 et

401 1913 645 1976 “sitire
660 1911 692 1938 ’⁹
728 1923 836 1977 est
873 1914 1256 1978 desiderare
1289 1913 1448 1978 illa:
1497 1913 1679 1997 quod
1716 1915 1931 1997 gratis
1967 1934 2008 1976 a
2048 1914 2345 1978 Domino
2382 1915 2628 1978 daren-

396 2014 527 2081 tur,
551 2006 972 2088 significatur
995 2021 1114 2090 per
1141 2014 1182 2040 “
1199 2007 1305 2071 cui
1329 2027 1467 2072 non
1492 2007 1918 2090 argentum,”
1939 2017 2089 2072 tum
2115 2014 2152 2041 ‘⁴
2170 2009 2315 2072 sine
2338 2017 2631 2090 argento

397 2109 466 2164 et
493 2101 718 2182 pretio
738 2101 792 2164 :”
821 2107 860 2134 ‘⁴
879 2101 1287 2166 comedere”
1311 2102 1653 2184 significat
1677 2105 2113 2186 appropriare
2138 2103 2263 2166 sibi
2289 2124 2304 2181 3
2342 2108 2382 2136 ⁸⁴
2398 2105 2629 2167 vinum

395 2204 468 2258 et
517 2193 670 2258 lac”
715 2195 1102 2277 significant
1147 2216 1382 2260 verum
1429 2197 1779 2279 spirituale
1824 2207 1896 2262 et
1943 2198 2102 2261 inde
2147 2215 2380 2261 verum
2427 2207 2627 2262 natu-

396 2287 562 2367 rale,
601 2299 962 2374 utrumque
997 2312 1090 2355 ex
1135 2292 1337 2356 bono·
1429 2291 1641 2374 Apud
1674 2290 2123 2368 Matthaeum,

505 2429 759 2496 Virgines
798 2433 1088 2497 prudentes
1128 2434 1377 2485 dicebant
1416 2433 1611 2494 stultis,
1648 2435 1855 2484 “Abire
1894 2436 2074 2499 potius
2114 2435 2182 2485 ad
2224 2435 2537 2494 vendentes,
2576 2445 2633 2484 et

657 2499 822 2548 emite
845 2499 1156 2550 vobismet”
1179 2501 1392 2560 oleum;
1427 2501 1566 2550 “sed
1588 2501 1911 2550 abeuntibus
1934 2501 2042 2550 illis
2065 2502 2135 2552 ad
2154 2501 2461 2560 emendum,
2486 2501 2633 2550 venit

656 2577 890 2627 sponsus
906 2564 936 2584 '⁹
958 2565 1102 2626 (xxv.
1126 2579 1174 2629 9,
1203 2566 1310 2628 10):

395 2710 520 2777 per
549 2695 902 2778 “virgines
933 2696 1304 2779 prudentes
1320 2696 1353 2723 ”
1386 2695 1857 2779 significantur
1886 2695 1981 2760 illi
2019 2697 2086 2760 in
2124 2695 2418 2761 ecclesia
2450 2697 2631 2778 apud

396 2807 568 2872 quos
603 2788 774 2853 fides
819 2788 1183 2872 conjunsta
1217 2799 1326 2854 est
1361 2790 1707 2865 charitati,
1748 2800 1821 2854 et
1866 2811 1987 2874 per
2026 2789 2334 2854 “stultas
2348 2789 2381 2815 ’⁹
2416 2790 2630 2872 signi-

393 2882 692 2947 ficantur
739 2883 834 2947 illi
894 2885 962 2947 in
1014 2884 1307 2948 ecclesia
1358 2884 1540 2967 apud
1599 2905 1772 2968 quos
1831 2884 1999 2949 fides
2053 2893 2371 2966 separata
2422 2894 2529 2948 est
2591 2904 2633 2947 a

395 2977 776 3056 charitate3
819 2982 860 3011 ‘⁸
878 2978 1229 3060 lampades
1245 2978 1276 3004 ’³
1301 2979 1480 3042 enim
1509 2978 1899 3060 significant
1929 2998 2090 3043 vera
2120 2977 2297 3052 fidei,
2324 2988 2397 3041 et
2426 2983 2465 3010 ‘⁶
2483 2977 2630 3041 ole-

395 3070 559 3135 um”
587 3071 930 3154 significat
961 3073 1216 3137 bonum
1247 3074 1538 3137 amoris:
1587 3072 1747 3137 inde
1778 3093 1897 3155 per
1931 3072 2171 3137 “abire
2205 3072 2293 3135 ad
2325 3072 2631 3135 venden-

395 3174 508 3229 tes
551 3174 624 3230 et
668 3165 944 3230 emere”
979 3166 1400 3249 significatur
1445 3167 1532 3230 ad
1577 3166 1733 3230 illos
1779 3167 1891 3250 qui
1938 3165 2213 3241 docent,
2254 3174 2327 3230 et
2371 3166 2631 3229 discere

396 3279 517 3324 seu
577 3279 977 3343 comparare
1034 3262 1198 3325 sibi:
1272 3260 1394 3324 sed
1462 3261 1618 3344 quia
1684 3281 1822 3325 non
1881 3268 2448 3343 comparaverunt
2506 3259 2635 3322 sibi

395 3353 654 3417 bonum
684 3355 956 3430 amoriS,
996 3363 1069 3419 et
1117 3375 1238 3436 per
1281 3355 1347 3418 id
1388 3353 1897 3418 vivificaverunt
1936 3374 2097 3418 vera
2142 3352 2317 3428 fidei,
2358 3353 2633 3434 quando

395 3448 466 3511 in
527 3448 786 3511 mundo
841 3449 1186 3525 vixerunt,
1243 3449 1364 3512 sed
1424 3458 1671 3531 postea
1730 3448 2002 3531 quidem
2063 3456 2634 3530 comparaverunt

395 3541 547 3618 sibi,
587 3543 712 3606 sed
755 3543 912 3624 quia
957 3561 1160 3606 nemo
1205 3551 1440 3626 potest
1479 3561 1877 3625 comparare
1912 3542 2039 3605 sibi
2084 3542 2339 3606 bonum
2383 3542 2633 3604 amoris

397 3645 558 3716 post
595 3645 891 3700 mortem
923 3646 994 3701 et
1032 3636 1100 3701 id
1139 3637 1455 3711 retinere,
1489 3637 1647 3699 ideo
1676 3636 1973 3717 virgines
2009 3634 2169 3698 illae
2200 3633 2480 3708 stultae,
2514 3654 2635 3716 per

398 3749 568 3812 quas
613 3729 1082 3812 significantur
1117 3749 1356 3795 omnes
1400 3729 1512 3813 qui
1559 3738 1881 3812 separant
1928 3729 2181 3792 bonum
2219 3727 2469 3791 amoris
2514 3747 2633 3790 seu

396 3823 654 3888 bonum
691 3823 1046 3888 charitatis
1084 3845 1126 3888 a
1161 3825 1338 3889 veris
1373 3823 1550 3900 fidei,
1591 3843 1729 3886 non
1768 3823 2105 3886 admissae
2144 3830 2304 3884 sunt
2346 3821 2414 3885 in
2462 3840 2632 3903 nup-

395 3918 532 3982 tias
563 3928 636 3982 et
665 3913 1040 4000 ¹¹¹receptae
1076 3938 1118 3982 a
1155 3937 1449 4001 sponso;
1502 3918 1841 4000 “nuptiae
1860 3916 1891 3943 ”
1922 3914 2313 3998 significant
2346 3913 2632 3988 caelum,

396 4021 470 4076 et
509 4017 860 4094 “sponsus
875 4012 907 4039 ”
944 4011 1335 4076 Dominum.
1423 4011 1635 4094 Apud
1673 4010 2177 4094 Evangelzktas,

496 4153 772 4206 “Intravit
788 4154 945 4220 Jesus
970 4155 1025 4205 in
1051 4155 1362 4220 Templum.
1381 4191 1420 4216 .,
1438 4163 1494 4205 et
1515 4153 1676 4219 ejecit
1698 4167 1890 4204 omnes
1914 4153 2211 4204 vendentes
2234 4160 2289 4202 et
2312 4160 2555 4201 ementes
2581 4151 2633 4200 in

659 4219 904 4285 Templo,
928 4229 982 4270 et
1005 4235 1222 4272 mensas
1245 4220 1673 4271 numulariorum
1701 4215 1959 4285 [evertit],
1983 4219 2264 4268 cathedras
2288 4217 2635 4266 vendentium

657 4285 980 4336 eolumbas”
1002 4287 1224 4347 (Matth.
1245 4287 1352 4336 xxi.
1379 4297 1474 4346 123
1507 4287 1680 4337 Mart.
1706 4285 1779 4336 xi.
1806 4295 1901 4346 153
1932 4283 2063 4334 Luc.
2086 4284 2196 4334 xix.
2225 4282 2343 4346 45);

396 4437 518 4501 per
544 4418 971 4483 “vendentes
995 4427 1067 4482 et
1092 4427 1404 4483 ementes
1416 4416 1449 4443 '⁹
1469 4417 1578 4481 hic
1605 4415 2073 4500 significantur
2096 4415 2207 4499 qui
2233 4415 2358 4479 sibi
2385 4433 2634 4496 quaes·

398 4523 546 4577 tum
575 4511 833 4577 faciunt
864 4532 955 4577 ex
987 4509 1261 4589 sanetis,
1295 4531 1416 4595 per
1449 4516 1781 4576 “mensas
1817 4507 2392 4575 numulariorum”
2422 4509 2638 4591 signi-

397 4605 687 4674 ficantur
726 4605 896 4691 [qui]
935 4627 1029 4672 ex
1067 4603 1320 4672 sanctis
1354 4606 1554 4684 veris,
1594 4615 1667 4671 et
1712 4625 1833 4690 per
1871 4603 2293 4670 “cathedras
2328 4603 2633 4691 venden-

1759 4743 1785 4772 b
