3259 5384
674 655 839 705 2212
1290 654 1789 707 APOCALYPSIS
1836 656 2283 707 EXPLICATA.

672 833 1007 911 sitientes,
1048 832 1409 917 colligeret
1456 836 1871 919 peregrinos,
1917 834 2229 901 indueret
2275 833 2552 909 nudum,
2593 834 2896 898 visitaret

672 938 1017 1009 aegrot03,
1051 931 1313 993 veniret
1350 929 1440 993 ad
1478 927 1742 994 vinctos
1779 932 1846 993 in
1883 950 2176 1007 carcere,
2213 928 2668 1011 Evangelium
2708 948 2894 1011 prae·

674 1022 931 1084 dicaret
970 1030 1040 1085 et
1087 1022 1390 1097 doceret,
1431 1033 1868 1088 converteret
1913 1035 2185 1107 genteS,
2223 1024 2692 1107 frequentaret
2731 1032 2895 1085 tem·

676 1114 811 1208 pla,
868 1117 1410 1198 praedicationes
1463 1117 1722 1181 devote
1783 1118 2222 1193 auscultaret,
2277 1118 2645 1201 quotannis
2703 1136 2898 1199 saepe

674 1208 896 1273 obiret
935 1222 1437 1275 sacramentum
1484 1210 1734 1286 Cenae,
1775 1222 2054 1276 vacaret
2093 1212 2423 1295 precibuS,
2464 1220 2534 1274 et
2573 1209 2787 1292 plura,
2825 1228 2896 1272 ac

675 1301 1017 1365 internum
1055 1303 1195 1383 ejus
1233 1324 1368 1367 non
1408 1305 1834 1387 purificatum
1871 1314 1979 1369 est
2022 1307 2112 1369 ab
2147 1324 2378 1368 amore
2413 1304 2796 1387 imperandi
2829 1310 2898 1367 et

674 1416 716 1457 a
765 1395 944 1459 fastu
989 1400 1297 1480 propriae
1349 1397 1870 1481 intelligentiae,
1920 1420 1961 1462 a
2005 1409 2411 1482 contemptu
2457 1397 2770 1471 aliorum,
2815 1396 2898 1459 ab

675 1488 834 1551 odio
886 1500 957 1553 et
1002 1490 1321 1567 vindicta,
1370 1494 1458 1555 ab
1508 1504 1663 1557 astu
1716 1502 1788 1557 et
1841 1493 2121 1567 malitia,
2169 1494 2259 1556 ab
2307 1492 2782 1555 insinceritate
2833 1500 2900 1555 et

676 1584 1027 1664 injustitia,
1076 1606 1115 1649 a
1163 1588 1417 1651 lascivo
1466 1588 1804 1663 adulterii,
1853 1598 1924 1652 et
1978 1608 2019 1651 a
2063 1588 2334 1669 reliquis
2383 1586 2578 1649 malis
2621 1596 2702 1649 et
2753 1586 2903 1649 inde

674 1678 880 1755 salsiS,
916 1700 1124 1763 usque
1161 1684 1390 1745 omnia
1426 1682 1543 1745 illa
1580 1703 1788 1766 opera
1829 1692 1987 1746 sunt
2027 1682 2472 1763 hypocritica,
2506 1690 2577 1743 et
2614 1689 2780 1743 sunt
2816 1698 2900 1769 ex

674 1772 824 1856 ipso
855 1774 1150 1849 homine,
1177 1783 1250 1839 et
1284 1794 1418 1838 non
1452 1797 1493 1839 a
1527 1776 1844 1841 Domino.
1935 1776 2037 1840 At
2067 1796 2228 1839 vero
2252 1775 2496 1839 eadem
2529 1774 2644 1837 illa
2671 1793 2900 1856 opera,

674 1868 951 1949 quando
996 1871 1337 1933 internum
1386 1869 1813 1952 purificatum
1860 1880 1992 1945 est,
2033 1880 2192 1933 sunt
2237 1869 2464 1933 omnia
2508 1868 2716 1941 bona,
2755 1868 2904 1950 quia

676 1983 717 2025 a
778 1962 1077 2026 Domino
1132 1965 1309 2046 apud
1370 1965 1738 2028 hominem.
1836 1964 1989 2027 Hoc
2049 1984 2141 2027 ex
2201 1963 2389 2027 mille
2447 1962 2792 2045 exemplis
2839 1962 2902 2024 in

676 2058 931 2121 mundo
968 2059 1297 2140 spirituali
1337 2059 1499 2121 mihi
1542 2067 1874 2123 testatum
1914 2056 2164 2123 sactum
2211 2066 2337 2121 est.
2425 2056 2680 2119 Audivi
2725 2055 2901 2138 quod

676 2150 974 2234 pluribus
1006 2154 1243 2216 datum
1278 2154 1367 2215 sit
1410 2153 1747 2216 recordari
1778 2151 2084 2216 actorum
2115 2153 2299 2215 vitae
2331 2172 2490 2214 suae
2520 2152 2588 2212 in
2625 2150 2899 2223 mundo,

676 2255 746 2308 et
802 2264 1198 2309 enumerare
1252 2247 1433 2309 bona
1484 2267 1658 2330 quae
1705 2246 2050 2323 fecerunt;
2107 2248 2226 2309 sed
2281 2263 2433 2309 cum
2479 2245 2904 2326 aperiebatur

674 2342 1015 2403 internum
1050 2360 1302 2416 eorum,
1330 2341 1831 2423 deprehensum
1859 2350 1966 2405 est
1996 2340 2164 2404 illud
2197 2341 2470 2422 plenum
2502 2340 2690 2401 omni
2725 2338 2904 2401 malo

676 2444 747 2497 et
785 2434 943 2497 inde
980 2433 1192 2511 fals03
1238 2444 1309 2498 et
1347 2443 1507 2498 tunc
1546 2434 1924 2499 revelatum
1963 2445 2070 2497 est
2110 2433 2262 2509 illis,
2296 2434 2478 2517 quod
2513 2432 2700 2497 bona
2735 2450 2902 2515 quae

676 2538 1263 2602 enumeraverunt,
1291 2549 1381 2591 ex
1415 2548 1490 2593 se
1519 2529 1824 2603 fecerint,
1851 2530 2006 2610 quia
2036 2519 2314 2609 propter
2343 2548 2418 2591 se
2450 2536 2522 2590 et
2554 2526 2900 2589 mundum.

676 2622 907 2685 Aliter
950 2643 1113 2686 vero
1160 2624 1337 2705 apud
1384 2623 1539 2686 illos
1585 2624 1696 2707 qui
1741 2624 2212 2687 abstinuerunt
2259 2642 2298 2685 a
2345 2621 2539 2684 malis
2578 2621 2901 2685 faciendis

676 2736 766 2778 ex
805 2710 1059 2791 Verbo,
1097 2726 1167 2780 et
1206 2718 1366 2780 dein
1402 2718 1722 2799 sugerunt
1759 2727 1832 2781 et
1870 2717 2162 2781 aversati
2200 2724 2358 2779 sunt
2398 2715 2512 2778 illa
2543 2724 2904 2797 propterea

676 2811 857 2893 quod
898 2822 1185 2892 peccata
1217 2822 1473 2887 essent,
1508 2821 1578 2875 et
1617 2822 1864 2875 contra
1902 2829 2204 2874 amorem
2241 2812 2308 2873 in
2349 2810 2588 2884 Deum,
2624 2819 2700 2873 et
2737 2828 2902 2873 con-

678 2914 786 2967 tra
823 2906 1233 2969 charitatem
1273 2926 1436 2988 erga
1482 2907 1910 2990 proximum;
1965 2924 2196 2969 eorum
2243 2925 2470 2987 opera,
2510 2906 2792 2969 tametsi
2836 2905 2902 2967 in

676 3009 969 3063 externa
1022 3000 1236 3063 forma
1289 3001 1533 3064 similia
1591 3009 2046 3083 apparuerunt
2101 3000 2418 3081 operibus
2470 2998 2762 3073 illorum,
2817 2998 2902 3061 de

674 3092 915 3174 quibus
952 3110 1118 3155 mox
1152 3114 1349 3176 supra
1380 3091 1636 3158 dictum
1667 3102 1795 3168 est,
1831 3102 1902 3157 et
1941 3113 2208 3175 quoque
2239 3090 2548 3156 similiter
2576 3100 2904 3174 percepta

676 3188 851 3249 sicut
889 3208 929 3250 a
965 3207 1037 3250 se
1071 3184 1247 3250 facta
1276 3188 1583 3264 fuissent,
1618 3190 1848 3251 omnia
1879 3188 2060 3251 bona
2090 3187 2378 3251 fuerunt.
2473 3186 2666 3249 Haec
2700 3204 2904 3268 opera

675 3291 858 3356 sunt,
893 3302 1065 3363 quae
1103 3284 1168 3344 in
1202 3281 1438 3344 Verbo
1474 3282 1950 3363 intelliguntur
1980 3300 2100 3363 per
2131 3286 2398 3362 “opera
2413 3279 2444 3305 ”
2472 3300 2648 3363 quae
2685 3279 2901 3343 homi-

677 3394 835 3438 nem
872 3376 1124 3439 faciunt
1166 3376 1607 3458 spiritualem,
1648 3386 1720 3439 et
1759 3375 2024 3439 felicem
2061 3376 2128 3438 in
2167 3385 2561 3451 aeternum;
2615 3383 2687 3438 et
2731 3373 2899 3437 haec

675 3480 857 3543 sunt,
898 3490 1071 3552 quae
1116 3492 1155 3533 a
1200 3470 1332 3533 fide
1370 3469 1760 3533 nullatenus
1798 3470 2092 3550 separari
2131 3478 2457 3550 possunt;
2513 3488 2674 3531 nam
2709 3466 2899 3545 fides,

674 3564 730 3626 si
776 3564 866 3627 ab
908 3585 989 3628 ea
1036 3574 1531 3647 separarentur,
1581 3564 1756 3627 foret
1805 3572 2093 3637 mortua,
2143 3571 2214 3625 et
2267 3560 2435 3625 fides
2481 3572 2751 3625 mortua
2795 3572 2902 3627 est

676 3658 844 3722 fides
881 3658 1030 3722 falsi
1068 3680 1159 3721 ex
1198 3659 1399 3721 malo.

795 3763 993 3833 795.
1051 3750 1231 3831 Quia
1272 3752 1339 3812 in
1377 3748 1950 3832 praecedentibus
1985 3748 2211 3811 actum
2247 3758 2358 3811 est
2403 3748 2489 3811 de
2525 3750 2903 3813 existentia

680 3842 834 3907 fidei
873 3864 963 3906 ex
1005 3844 1362 3917 charitate,
1404 3843 1633 3924 paucis
1671 3844 1880 3905 etiam
1915 3842 2180 3904 dicetur
2215 3842 2373 3923 quid
2411 3842 2592 3922 prius
2636 3852 2708 3905 et
2742 3840 2900 3923 quid

676 3938 1032 4020 posterius,
1123 3934 1493 4000 Ostensum
1549 3946 1659 3999 est
1711 3936 1890 4018 quod
1949 3935 2248 3998 charitas
2295 3935 2631 4016 producat
2675 3934 2898 4010 fidem,

676 4033 851 4094 sicut
912 4031 1165 4093 bonum
1224 4030 1538 4111 producit
1590 4048 1848 4105 verum,
1905 4039 1978 4093 et
2037 4030 2214 4092 sicut
2264 4025 2533 4092 affectio
2591 4028 2901 4111 producit

676 4125 1194 4206 cogitationem,
1236 4122 1545 4186 similiter
1584 4124 1760 4186 sicut
1807 4124 1984 4205 ignis
2030 4124 2342 4205 producit
2381 4122 2642 4201 lucem;
2694 4142 2901 4207 quare

675 4236 948 4300 prorsus
988 4227 1228 4280 contra
1267 4218 1573 4281 ordinem
1614 4225 1686 4280 et
1723 4218 2062 4280 inversum
2099 4226 2206 4281 est
2251 4217 2476 4279 dicere
2513 4218 2694 4300 quod
2733 4216 2900 4279 fides

675 4312 1012 4396 producat
1058 4310 1465 4374 charitatem
1512 4332 1630 4375 seu
1683 4310 1864 4374 bona
1915 4310 2078 4392 ejuS,
2127 4330 2299 4394 quae
2343 4320 2678 4373 vocantur
2721 4310 2901 4374 bona

674 4427 901 4491 opera.
993 4405 1095 4470 At
1128 4406 1479 4469 sciendum
1512 4415 1619 4469 est
1653 4405 1833 4488 quod
1867 4404 2186 4479 charitas,
2213 4424 2387 4487 quae
2418 4404 2484 4467 in
2517 4424 2638 4467 sua
2665 4420 2900 4469 essen·

676 4503 775 4567 tia
833 4509 942 4565 est
1002 4496 1265 4564 affectio
1320 4500 1597 4575 sciendi,
1655 4498 2106 4581 intelligendi,
2161 4499 2436 4561 volendi
2489 4507 2560 4562 et
2614 4498 2900 4562 faciendi

676 4614 931 4673 verum,
974 4614 1112 4659 non
1156 4596 1243 4659 ad
1290 4594 1500 4658 ullam
1546 4594 1841 4658 hominis
1882 4594 2391 4678 perceptionem
2429 4595 2660 4657 veniat
2701 4602 2898 4657 ante·
