3259 5384
616 693 657 744 2
664 695 789 764 394
1239 693 1740 746 APOCALYPSIS
1785 691 2236 744 EXPLICATA.

617 869 723 927 est
781 861 962 946 quod
1022 860 1133 946 qui
1180 882 1313 927 non
1352 871 1738 944 agnoscunt
1777 861 2096 925 Divinum
2133 859 2524 925 Humanum
2557 857 2854 932 Domini,

617 967 687 1020 et
734 975 868 1020 non
915 957 1151 1020 vivunt
1197 957 1571 1022 secundum
1617 965 1984 1037 praecepta
2031 955 2246 1037 Ipsius
2299 955 2368 1017 in
2415 953 2674 1028 Verb0,
2723 972 2854 1016 non

619 1051 991 1114 consociari
1028 1051 1289 1132 possint
1326 1049 1588 1131 angelis
1635 1049 1826 1114 caeli.
1916 1047 2117 1130 Quod
2153 1050 2253 1113 ita
2295 1050 2408 1122 sit,
2445 1049 2855 1112 constiterat

617 1144 779 1207 mihi
824 1164 916 1208 ex
961 1144 1176 1207 multa
1219 1145 1686 1224 experientia:
1747 1142 2015 1207 fuerunt
2059 1144 2173 1225 qui
2229 1141 2319 1206 de
2373 1141 2676 1206 Domino
2721 1161 2856 1205 non

618 1237 816 1300 aliter
844 1256 1047 1319 quam
1079 1237 1251 1301 sicut
1283 1237 1369 1300 de
1400 1237 1534 1301 alio
1564 1236 1841 1301 homine
1875 1237 2374 1318 cogitaverunt,
2399 1244 2473 1299 et
2509 1237 2624 1318 qui
2655 1233 2856 1298 fidem

620 1329 1037 1406 hodiernam,
1086 1351 1258 1412 quae
1304 1341 1411 1395 est
1454 1329 1624 1394 fides
1669 1331 2064 1412 cogitativa,
2099 1330 2354 1413 absque
2397 1328 2629 1411 aliquo
2672 1327 2856 1392 bono

618 1425 801 1487 vitae
826 1425 1143 1488 vixerunt
1168 1447 1184 1502 ;
1232 1426 1301 1489 hi
1330 1426 1486 1507 quia
1516 1425 1949 1488 crediderunt
1980 1424 2162 1507 quod
2187 1425 2330 1487 vita
2358 1433 2642 1488 aeterna
2671 1432 2855 1486 esset

620 1519 828 1582 modo
859 1519 1223 1583 intromitti
1256 1521 1321 1582 in
1354 1519 1640 1594 caelum,
1661 1518 1819 1583 ideo
1844 1521 2050 1582 etiam
2075 1539 2165 1582 ex
2191 1527 2436 1598 optato
2465 1519 2532 1580 in
2562 1517 2858 1600 aliquam

622 1613 1025 1676 societatem
1069 1613 1345 1677 admissi
1383 1623 1581 1691 sunt;
1636 1612 1758 1677 sed
1804 1621 1878 1676 ut
1924 1613 2210 1694 primum
2249 1611 2368 1674 lux
2413 1610 2584 1674 caeli
2621 1611 2857 1675 oculos

621 1705 888 1770 illorum
934 1709 1233 1783 strinxit,
1281 1718 1657 1789 coeperunt
1709 1706 1932 1790 quoad
1977 1707 2193 1770 visum
2253 1715 2323 1770 et
2381 1705 2578 1768 simul
2635 1705 2858 1787 quoad

622 1799 1044 1865 intellectum
1081 1821 1351 1884 prorsus
1388 1802 1752 1876 obscurari,
1791 1820 1870 1865 ac
1915 1801 1983 1864 in
2029 1811 2378 1882 stuporem
2421 1819 2500 1863 ac
2545 1801 2616 1862 in
2659 1800 2856 1863 fatui·

621 1906 839 1960 tatem
879 1896 1158 1974 cadere;
1206 1909 1276 1960 et
1314 1915 1469 1960 curn
1515 1896 1703 1959 calor
1738 1896 1908 1959 caeli
1951 1894 2106 1959 illos
2151 1894 2450 1970 afflabat,
2485 1905 2858 1976 coeperunt

624 1990 773 2054 diro
830 1991 1036 2054 modo
1102 1991 1399 2066 cruciari,
1462 2000 1534 2054 et
1590 1989 1817 2072 quoad
1878 1999 2082 2070 caput
2145 1999 2217 2054 et
2277 1989 2500 2071 quoad
2559 1989 2861 2053 membra

624 2085 798 2148 sicut
822 2094 1173 2164 serpentes
1199 2085 1629 2168 contorqueri
1656 2105 1672 2162 ;
1711 2104 1916 2166 quare
1947 2104 2020 2146 se
2053 2083 2368 2148 deorsum
2399 2083 2856 2164 conjecerunt,

626 2176 1005 2261 pejerantes
1038 2179 1217 2261 quod
1256 2179 1505 2242 intrare
1543 2177 1830 2253 caelum,
1866 2178 1991 2241 nisi
2028 2178 2095 2242 in
2133 2177 2283 2240 luce
2319 2188 2392 2241 et
2428 2176 2656 2242 calore
2694 2178 2860 2242 caeli

627 2273 786 2346 sint,
812 2283 994 2336 esset
1030 2271 1159 2336 illis
1192 2271 1561 2350 infernum3
1609 2281 1681 2335 et
1720 2270 1901 2353 quod
1933 2271 2340 2335 nesciverint
2379 2271 2560 2353 quod
2597 2272 2856 2334 caelum

628 2365 838 2429 cuivis
883 2368 970 2430 sit
1029 2387 1117 2428 ex
1165 2385 1396 2428 amore
1450 2374 1522 2428 et
1574 2364 1734 2428 inde
1787 2363 1940 2440 fide,
1989 2385 2108 2428 seu
2157 2385 2249 2428 ex
2295 2366 2436 2428 vita
2493 2365 2860 2429 secundum

628 2470 993 2541 praecepta
1042 2460 1314 2523 Domini
1370 2459 1437 2522 in
1481 2458 1738 2535 Verb0,
1789 2469 1862 2523 et
1915 2481 2006 2522 ex
2054 2457 2186 2523 fide
2235 2459 2302 2522 in
2347 2459 2739 2534 Dominum,
2792 2469 2861 2523 et

630 2572 900 2634 prorsus
953 2573 1089 2617 non
1137 2574 1227 2618 ex
1278 2552 1409 2617 fide
1454 2553 1710 2636 absque
1754 2555 1896 2616 vita
1946 2552 2121 2628 fidei,
2169 2573 2342 2635 quae
2401 2565 2506 2617 est
2551 2554 2860 2617 charitas.

630 2647 865 2710 Paucis
897 2647 1157 2711 dicetur
1188 2648 1345 2730 quid
1374 2653 1412 2679 ‘⁸
1432 2649 1762 2730 primitiae
1785 2646 1815 2672 '⁹
1841 2649 1905 2710 in
1933 2646 2166 2710 Verbo
2197 2645 2623 2728 significant:
2676 2650 2858 2729 “pri-

630 2739 905 2804 mitiae''
943 2740 1325 2822 significant
1372 2741 1615 2804 similia
1659 2760 1830 2823 quae
1867 2743 2377 2822 “primogenita
2404 2741 2458 2818 ;”
2505 2742 2627 2806 sed
2675 2744 2859 2823 “pri-

635 2834 1033 2918 mogenita”
1093 2835 1407 2898 dicuntur
1465 2835 1551 2899 de
1616 2835 2038 2910 animalibus),
2101 2835 2223 2898 sed
2287 2838 2680 2918 “primitiae
2696 2824 2738 2862 ”⁸
2781 2837 2860 2900 de

632 2930 1158 3012 vegetabilibus;
1196 2931 1291 2992 ita
1312 2934 1352 2961 ‘⁴
1369 2929 1868 3012 primogenita”
1886 2940 2042 2992 sunt
2068 2950 2239 3012 quae
2265 2931 2552 3011 primum
2579 2951 2857 2996 nascun-

632 3034 762 3099 tur,
795 3035 865 3088 et
902 3025 1289 3105 “primitiae
1306 3024 1335 3048 ”
1372 3044 1543 3106 quae
1581 3034 1742 3088 sunt
1778 3045 1867 3087 ex
1902 3025 2130 3106 primis
2161 3045 2332 3107 quae
2363 3026 2858 3106 producuntur;

631 3139 710 3183 ac
750 3129 1029 3201 utraque
1068 3117 1451 3199 significant
1489 3118 1744 3181 bonum
1783 3117 2127 3200 spirituale
2160 3119 2448 3200 primum
2478 3118 2854 3192 formatum,

633 3214 813 3297 quod
845 3215 911 3276 in
944 3233 1016 3275 se
1049 3223 1154 3275 est
1186 3231 1419 3275 verum
1450 3233 1541 3276 ex
1573 3212 1758 3275 bono
1788 3212 1969 3294 quod
2001 3233 2042 3276 a
2073 3212 2388 3276 Domino.
2469 3213 2622 3278 Hoc
2655 3215 2858 3279 trahit

634 3309 963 3390 originem
1010 3327 1100 3369 ex
1146 3327 1251 3381 e0,
1290 3306 1471 3390 quod
1518 3306 1717 3369 binae
1764 3317 2030 3370 mentes
2075 3307 2251 3390 apud
2297 3307 2644 3372 hominem
2691 3311 2857 3384 sint;

634 3423 827 3466 mens
864 3400 1187 3465 naturalis
1224 3411 1296 3465 et
1334 3419 1526 3464 mens
1562 3400 1964 3482 spiritualis:
2013 3421 2103 3464 ex
2130 3402 2279 3465 sola
2307 3413 2540 3466 mente
2578 3405 2860 3467 naturali

636 3517 775 3562 non
808 3496 1196 3578 producitur
1228 3496 1353 3558 nisi
1389 3495 1642 3558 malum
1680 3505 1750 3558 et
1787 3495 1943 3558 inde
1981 3494 2259 3574 falsum;
2303 3497 2424 3559 sed
2471 3507 2546 3561 ut
2583 3501 2862 3579 primum

640 3611 833 3655 mens
869 3588 1229 3673 spiritualis
1267 3599 1503 3670 aperta
1541 3599 1670 3664 est,
1705 3598 1867 3652 tunc
1909 3589 2297 3669 producitur
2328 3591 2580 3655 bonum
2611 3602 2683 3656 et
2715 3593 2860 3654 inde

634 3705 908 3763 verum;
954 3686 1083 3749 hoc
1122 3685 1302 3768 quod
1336 3685 1622 3766 primum
1662 3683 2052 3764 producitur
2089 3685 2490 3767 intelligitur
2527 3706 2649 3768 per
2675 3688 2860 3768 “pri-

638 3779 1105 3862 mogenitum’'
1151 3789 1221 3842 et
1274 3798 1393 3861 per
1443 3777 1883 3859 “primitias’'
1985 3779 2079 3842 Et
2132 3779 2286 3860 quia
2337 3781 2564 3843 omnia
2607 3801 2778 3863 quae
2828 3801 2864 3844 e

640 3884 872 3938 mente
916 3873 1241 3955 spirituali
1296 3882 1666 3936 nascuntur
1717 3883 1787 3935 et
1849 3872 2328 3953 producuntur,
2379 3895 2513 3937 non
2573 3887 2734 3940 sunt
2785 3875 2866 3938 ab

637 3967 912 4032 homine
957 3968 1076 4031 sed
1122 3989 1187 4030 a·
1210 3967 1527 4041 Domino,
1563 3967 1720 4030 ideo
1756 3966 1872 4030 illa
1907 3963 2504 4032 sanctificabantur
2538 3969 2860 4050 Jehovae,

636 4061 769 4127 hoc
801 4072 927 4136 est,
958 4062 1273 4133 Domino,
1296 4083 1387 4124 ex
1419 4080 1621 4124 causa
1645 4062 1800 4143 quia
1827 4061 2043 4140 Ipsius
2069 4072 2283 4136 erant,
2306 4071 2377 4125 et
2401 4063 2561 4126 inde
2593 4061 2862 4126 sancta:

638 4167 711 4222 et
756 4158 909 4239 quia
953 4157 1166 4238 primo
1220 4167 1457 4218 natum
1510 4165 1627 4218 aut
1676 4152 2076 4235 productum
2123 4155 2458 4236 significat
2517 4159 2748 4220 omnia
2803 4159 2864 4218 in

640 4252 811 4315 serie
840 4252 1213 4333 sequentia,
1241 4251 1413 4314 sicut
1452 4250 1593 4313 dux
1633 4247 1977 4331 populum,
2005 4259 2077 4312 et
2114 4260 2346 4330 pastor
2383 4269 2687 4332 gregem,
2721 4252 2867 4314 ideo

641 4365 761 4427 per
795 4344 862 4407 id
894 4344 1074 4426 quod
1115 4344 1625 4426 “primogenita
1663 4362 1740 4407 ac
1781 4345 2110 4424 primitiae
2147 4345 2311 4408 data
2343 4345 2588 4409 fuerint
2637 4346 2866 4408 Domi-

642 4459 732 4503 no
747 4438 779 4465 '⁹
814 4437 1317 4522 significabatur
1353 4439 1532 4521 quod
1569 4440 1798 4501 omnia
1833 4437 2088 4520 reliqua
2124 4440 2330 4502 etiarn
2369 4439 2590 4522 Ipsius
2620 4449 2866 4504 essent.

643 4533 780 4599 Sed
826 4545 901 4597 ut
942 4533 1075 4597 hoc
1114 4533 1333 4596 adhuc
1380 4531 1621 4597 clarius
1659 4533 1727 4594 in
1773 4530 2194 4595 intellectum
2231 4535 2485 4606 veniat,
2527 4535 2866 4598 sciendum

643 4637 751 4693 est
788 4627 968 4711 quod
1017 4647 1208 4691 mens
1252 4647 1437 4690 mere
1484 4627 1810 4690 naturalis
1855 4627 1944 4690 sit
1973 4627 2059 4690 ad
2106 4627 2328 4690 ideam
2361 4647 2478 4692 seu
2511 4629 2867 4712 imaginem
