3259 5384
584 572 757 639 2414
1206 573 1706 627 APOCALYPSIS
1749 574 2202 627 EXPLICATA.

587 750 695 804 est
732 742 912 823 quod
950 764 989 806 a
1028 742 1261 807 multis
1293 744 1360 807 in
1398 743 1531 807 illis
1568 743 1874 807 ecclesiis
1905 742 2234 807 doceatur
2263 741 2432 807 fides
2457 738 2815 823 conjuncta

587 836 789 910 vitae,
832 846 903 898 et
950 838 1091 900 vita
1149 836 1515 919 conjun&a
1558 837 1752 915 fidei;
1804 839 1894 900 ab
1938 836 2086 901 aliis
2131 848 2360 901 autem
2407 836 2574 900 fides
2621 857 2816 917 sepa·

587 938 778 992 arata
824 950 863 991 a
902 932 1081 1007 vita;
1137 931 1267 995 hoc
1316 931 1388 994 fit
1436 932 1525 995 ab
1568 931 1848 995 eruditis
1893 932 2005 1014 qui
2049 932 2305 999 docent
2352 952 2443 994 ex
2481 926 2814 1002 doctrina,

586 1021 752 1084 illud
792 1024 879 1085 ab
916 1026 1193 1088 eruditis
1226 1036 1295 1089 et
1335 1045 1469 1089 non
1509 1025 1788 1089 eruditis
1824 1026 1935 1107 qui
1974 1023 2230 1089 docent
2269 1044 2358 1087 ex
2397 1024 2674 1100 Verbo;
2721 1025 2816 1086 sic

586 1116 654 1178 in
692 1120 1101 1181 contrarium
1140 1130 1342 1183 eunt:
1392 1120 1511 1195 sed
1552 1140 1761 1201 usque
1797 1119 2188 1183 defensores
2224 1116 2574 1182 doctrinae
2605 1120 2814 1181 etiam

586 1208 654 1271 id
715 1212 1144 1291 permittunt,
1193 1232 1427 1276 verum
1487 1234 1577 1277 ex
1638 1233 1842 1278 causa
1895 1214 2050 1295 quia
2096 1212 2401 1275 Verbum
2460 1212 2818 1275 manifeste

587 1302 793 1368 docet
831 1306 1041 1369 vitam
1088 1326 1167 1369 ac
1214 1306 1417 1371 fidem
1464 1307 1836 1371 secundum
1883 1307 2118 1378 vitam,
2159 1316 2231 1370 et
2277 1306 2431 1388 quia
2476 1305 2819 1387 simplices

587 1416 724 1460 non
772 1398 969 1461 aliter
1006 1401 1235 1463 doceri
1282 1410 1568 1481 possunt
1616 1419 1822 1483 quam
1869 1400 2241 1463 secundum
2287 1418 2562 1463 sensum
2609 1400 2818 1463 Verbi

586 1501 981 1556 exstantem
1014 1515 1027 1572 ;
1077 1504 1147 1557 et
1186 1496 1461 1577 quidam
1497 1495 1654 1577 quia
1699 1494 1824 1577 ipsi
1860 1495 2134 1557 veritati
2171 1514 2310 1557 non
2345 1504 2582 1575 aperte
2619 1496 2818 1557 resis-

588 1594 734 1648 tere
771 1597 1081 1669 possunt,
1120 1590 1374 1651 veritas
1412 1590 1591 1651 enim
1630 1589 1930 1652 latenter
1966 1597 2288 1670 operatur
2323 1597 2394 1651 et
2432 1588 2816 1668 persuadet.

590 1698 745 1742 nam
778 1701 816 1743 e
848 1681 1040 1743 caelo
1072 1682 1249 1764 apud
1289 1684 1804 1764 unumquemvis
1842 1681 2080 1757 influit,
2116 1701 2193 1744 ac
2219 1682 2539 1763 recipitur
2569 1681 2660 1744 ab
2688 1681 2820 1744 illis

636 1773 699 1836 ui
726 1766 860 1837 non
882 1775 1059 1838 male
1082 1778 1340 1851 vivunt,
1361 1785 1432 1838 et
1457 1778 1568 1859 qui
1589 1796 1726 1840 non
1752 1776 1983 1840 multis
2008 1774 2579 1839 confirmaverunt
2604 1775 2820 1839 solam

588 1794 791 1930 fidem
830 1889 920 1931 ex
967 1870 1273 1950 pueritia,
1314 1880 1386 1933 et
1434 1880 1595 1933 tunc
1643 1891 1734 1935 ex
1779 1870 1957 1934 fastu
2003 1871 2396 1933 eruditionis
2443 1890 2605 1951 prae
2649 1870 2818 1944 aliis,

588 1961 912 2043 imprimis
938 1963 1003 2024 in
1030 1964 1359 2045 dogmate
1376 1963 1878 2045 justificationis
1911 1985 2028 2046 per
2055 1964 2264 2039 illam,
2292 1964 2360 2026 in
2391 1984 2526 2045 quo
2559 1974 2820 2045 ponunt

588 2054 875 2137 gloriam
909 2058 1302 2121 eruditionis
1337 2060 1732 2141 superioris:
1783 2059 1850 2121 hi
1885 2068 2118 2122 tamen
2150 2078 2358 2140 usque
2391 2057 2598 2121 corde
2623 2058 2824 2122 aliter

590 2150 905 2231 cogitant
958 2150 1117 2213 dum
1172 2153 1453 2216 audiunt
1500 2152 2053 2217 confirmationes
2107 2173 2196 2215 ex
2236 2151 2470 2215 Verbo
2514 2172 2638 2234 pro
2685 2153 2824 2215 vita

590 2242 676 2305 ab
713 2243 898 2321 aliis;
959 2246 1271 2325 cogitant
1320 2248 1499 2309 enim
1552 2246 1733 2329 quod
1794 2247 1942 2310 sola
1993 2245 2162 2311 fides
2221 2248 2289 2308 in
2349 2266 2422 2309 se
2468 2247 2824 2309 contineat

591 2358 819 2419 opera,
860 2348 930 2401 et
976 2341 1157 2421 quod
1204 2338 1565 2421 conjuncta
1610 2341 1746 2404 sint
1795 2342 2164 2404 secundum
2213 2341 2467 2422 dogma
2496 2338 2825 2420 justifica-

591 2434 817 2507 tioniS,
858 2434 1137 2496 tametsi
1182 2433 1369 2509 illud,
1408 2435 1585 2497 sicut
1630 2455 1672 2497 a
1716 2433 1950 2497 multis
1995 2436 2300 2507 docetur,
2344 2434 2495 2517 plus
2549 2443 2823 2515 separat

592 2546 799 2606 opera
833 2546 874 2588 a
910 2526 1042 2589 fide
1079 2546 1283 2609 quam
1322 2528 1675 2610 conjungit
1719 2528 1836 2591 illa
1882 2548 2036 2591 cum
2074 2526 2228 2602 fide,
2269 2530 2476 2591 immo
2513 2539 2823 2591 removet

592 2619 709 2682 illa
754 2630 827 2683 ut
873 2639 1011 2682 non
1052 2619 1511 2701 justificantia,
1562 2633 1891 2704 quantum
1937 2621 2071 2685 illis
2119 2621 2369 2704 aliquid
2417 2622 2504 2683 ab
2551 2621 2824 2684 homine

593 2732 711 2775 seu
748 2733 789 2775 a
824 2713 1184 2777 voluntate
1229 2714 1371 2795 ejus
1416 2716 1615 2778 inest.
1709 2714 1912 2796 Quod
1953 2736 2224 2796 prorsus
2261 2716 2461 2779 aliter
2497 2716 2826 2779 doceatur

592 2808 661 2869 in
692 2808 997 2871 ecclesiis
1032 2808 1139 2871 ubi
1173 2808 1321 2871 sola
1351 2809 1519 2872 fides
1546 2820 1824 2892 recepta
1863 2820 1992 2884 est,
2027 2810 2188 2873 dum
2220 2831 2308 2873 ex
2337 2810 2593 2883 Verb0‚
2623 2829 2823 2893 quam

594 2902 755 2965 dum
794 2922 883 2965 ex
916 2900 1244 2978 doctrina,
1279 2902 1660 2967 confirmari
1691 2915 1924 2987 potest
1957 2926 2046 2967 ex
2087 2904 2340 2976 multiS,
2370 2906 2442 2967 ut
2476 2906 2544 2968 in
2579 2904 2824 2969 Eccle-

598 2997 696 3059 sia
722 2996 1137 3078 Anglicana,
1165 3008 1235 3061 et
1268 2998 1334 3059 in
1368 2997 1682 3062 Ecclesia
1712 2998 2125 3061 Lutherana.
2219 2998 2476 3062 Notum
2509 3010 2614 3062 est
2647 3000 2826 3082 quod

595 3087 903 3153 doctrina
934 3090 1291 3155 Ecclesiae
1314 3090 1746 3172 Anglicanae
1771 3093 2018 3156 doceat
2045 3092 2262 3155 solam
2288 3090 2512 3165 fidem,
2541 3104 2614 3156 et
2647 3093 2824 3177 quod

596 3185 1104 3265 praedicatores
1140 3184 1524 3259 artificiose,
1566 3187 1916 3268 ingeniose
1953 3195 2024 3249 et
2062 3186 2420 3268 eleganter
2448 3186 2826 3268 adjungant

596 3278 657 3340 ei
688 3297 915 3358 opera,
943 3279 1117 3341 sicut
1154 3279 1511 3341 recondita
1542 3280 1607 3341 in
1647 3278 1800 3353 fide,
1828 3290 1898 3343 et
1933 3280 2112 3362 quod
2150 3301 2239 3343 ex
2277 3279 2410 3342 fide
2448 3281 2824 3362 percipiant

595 3370 847 3454 aliquid
885 3382 1195 3445 conatu5‚
1222 3373 1397 3436 sicut
1434 3370 1806 3437 affectionis
1843 3376 1930 3437 ad
1969 3375 2221 3437 bonum
2257 3374 2684 3453 faciendum3
2731 3376 2826 3437 illi

596 3466 919 3547 imprimis
965 3468 1076 3549 qui
1124 3467 1210 3528 ad
1258 3468 1536 3530 tertium
1582 3477 1701 3530 aut
1749 3479 2063 3551 quartum
2109 3469 2394 3549 gradum
2443 3488 2563 3550 per
2609 3469 2826 3533 solam

597 3559 801 3623 fidem
833 3558 1182 3641 justificati
1219 3570 1419 3638 sunt;
1466 3571 1537 3624 et
1576 3562 1756 3644 quod
1799 3562 1896 3625 illi
1933 3564 2112 3644 apud
2149 3582 2318 3645 quos
2357 3562 2502 3625 sola
2539 3562 2708 3626 fides
2744 3563 2828 3625 ad

598 3653 787 3717 illum
842 3656 1128 3736 gradum
1188 3674 1322 3718 non
1377 3657 1846 3737 operationem
1894 3654 2153 3729 habuit,
2202 3676 2411 3738 usque
2458 3655 2827 3729 salventur,

598 3749 754 3830 quia
790 3750 856 3811 in
894 3747 1026 3811 fide
1060 3747 1235 3812 latet
1277 3750 1528 3811 bonum
1561 3750 1746 3813 vitae
1777 3750 2224 3824 reconditum,
2253 3749 2428 3812 sicut
2468 3750 2534 3812 in
2571 3752 2831 3813 semine

599 3839 849 3905 fructus
874 3842 1163 3906 facultas
1187 3841 1685 3923 productionis:
1722 3844 1842 3907 sed
1868 3845 2047 3926 quod
2075 3844 2242 3906 haec
2269 3844 2405 3906 sint
2433 3843 2608 3906 fetus
2628 3845 2830 3906 animi

601 3934 957 4017 gloriantis
989 3946 1061 3999 et
1094 3956 1169 3999 se
1192 3934 1515 4017 jactantis
1546 3958 1638 3999 ex
1663 3938 2004 4019 superiore
2035 3936 2414 4000 eruditione
2445 3956 2523 4000 ac
2558 3938 2833 4018 ingenio

601 4048 761 4111 prae
807 4028 973 4105 aliis,
1008 4050 1208 4111 supra
1252 4032 1318 4093 in
1364 4030 1937 4112 explicationibus
1983 4032 2283 4113 capitum
2331 4031 2716 4093 duodecimi
2758 4041 2831 4094 et

601 4124 787 4187 tertii
832 4124 1076 4187 decimi
1120 4135 1474 4187 ostensum
1520 4136 1648 4189 est.
1731 4123 1931 4206 Quod
1979 4127 2046 4188 in
2094 4124 2407 4188 Ecclesia
2438 4125 2832 4206 Anglicana

600 4239 874 4302 prorsus
921 4218 1118 4281 aliter
1168 4218 1497 4282 doceatur
1544 4220 1704 4281 dum
1751 4240 1841 4282 ex
1889 4219 2145 4295 Verbo,
2192 4229 2264 4283 et
2311 4240 2444 4282 non
2495 4218 2694 4282 simul
2739 4240 2830 4283 ex

603 4310 933 4387 doctrina,
982 4312 1068 4374 ad
1122 4311 1709 4376 confirmationem
1762 4313 1965 4377 velim
2021 4314 2356 4378 adducere
2408 4314 2476 4376 id
2529 4315 2712 4397 quod
2765 4315 2833 4377 in

602 4408 891 4472 ecclesia
921 4406 1037 4469 illa
1068 4409 1307 4489 quovis
1338 4408 1445 4470 die
1484 4407 1660 4471 festo
1690 4408 1996 4483 docetur,
2029 4418 2102 4472 et
2137 4408 2226 4473 ab
2261 4408 2394 4471 illis
2432 4408 2683 4490 legitur
2717 4409 2832 4492 qui

604 4499 926 4567 Sanctam
974 4499 1273 4565 Caenam
1321 4501 1618 4580 obeunt3
1673 4522 1846 4585 quae
1891 4511 2049 4565 sunt
2095 4504 2451 4585 sequentia
2473 4522 2584 4565 :—
