3259 5384
887 681 1047 732 cu.
1081 681 1236 743 xn..
1269 679 1480 732 vans.
1519 679 1737 748 5.-Ν,
1770 663 2038 750 724[d].
2422 680 2584 750 1997

361 850 802 932 congregatio
857 849 1002 932 ejus
1059 867 1292 914 coram
1353 849 1470 912 Me
1525 847 1946 924 constabit,”
2000 846 2345 931 significat
2401 848 2587 930 quod

361 963 512 1007 vera
545 945 881 1008 eeclesiae
915 943 1142 1009 sutura
1177 944 1356 1007 sieut
1393 943 1578 1026 apud
1613 944 1959 1025 antiquoS,
1998 951 2071 1006 et
2108 941 2291 1024 quod
2324 941 2588 1004 formae

361 1057 584 1102 eorum
635 1039 704 1101 in
758 1047 948 1101 sarta
994 1036 1500 1118 conjunctione,
1546 1038 1724 1101 sicut
1777 1036 1959 1119 apud
2010 1035 2171 1098 illos
2224 1054 2591 1098 mansurae

361 1131 528 1210 sint;
575 1131 751 1196 “filii
769 1130 801 1156 ”
829 1133 923 1195 ibi
953 1140 1116 1195 sunt
1145 1151 1333 1206 vera,
1360 1140 1433 1196 et
1462 1137 1502 1164 ‘⁶
1525 1131 1987 1213 congregatio
2000 1129 2033 1156 ’³
2058 1138 2167 1194 est
2198 1126 2590 1211 conjunctio

361 1243 580 1288 eorum
622 1235 696 1288 et
741 1225 1108 1308 dispositio
1148 1225 1216 1288 in
1257 1224 1539 1300 formas,
1583 1224 1807 1307 qualis
1852 1232 1961 1287 est
2006 1225 2188 1305 apud
2231 1222 2587 1286 hominem

358 1317 676 1384 ecclesiae
721 1319 792 1383 in
833 1316 1220 1393 intelle&u,
1253 1318 1436 1382 unde
1479 1318 1543 1382 ei
1586 1316 2099 1402 intelligentia3
2151 1316 2588 1380 “secundum

359 1431 606 1476 morem
622 1413 654 1440 ”
697 1423 775 1478 et
821 1419 863 1448 ‘⁴
889 1411 1128 1497 [sicut]
1171 1412 1341 1478 olim
1363 1412 1396 1442 '³
1441 1424 1549 1479 est
1601 1413 1779 1476 sicut
1830 1411 2013 1495 apud
2064 1412 2406 1494 antiquos.
2506 1409 2589 1476 In

369 1503 664 1582 Threnis,

451 1635 691 1690 “Oculus
711 1653 866 1688 meus
885 1638 1162 1689 descendit
1179 1638 1348 1702 aquis,
1368 1638 1494 1702 quia
1511 1639 1697 1702 procul
1715 1647 1799 1688 est
1820 1653 1855 1686 a
1876 1651 1964 1687 me
1983 1635 2321 1686 consiliarius
2340 1649 2589 1687 recreans

604 1705 1060 1832 ἓὲἑῖξξιῶιιιοῶω
1083 1718 1097 1766 ;
1137 1702 1268 1754 iacti
1294 1714 1422 1755 sunt
1455 1703 1550 1754 filii
1583 1704 1691 1754 mei
1724 1703 2006 1762 devastati,
2032 1715 2101 1752 eo
2126 1702 2271 1766 qnod
2304 1701 2591 1752 invaluerit

358 1895 566 1962 luctus
601 1907 892 1981 propter
919 1897 1106 1981 quod
1139 1899 1511 1962 devastata
1546 1899 1637 1962 sit
1673 1899 1990 1973 ecclesia,
2023 1895 2439 1980 intelligitur
2464 1915 2589 1979 per

355 1992 528 2072 quod
582 1991 882 2055 “ocul-us
946 2011 1141 2055 meus
1205 1991 1592 2056 descendat
1656 1993 1850 2074 aquis
1875 1991 1929 2069 ;'’
1985 1991 2382 2054 devastatio
2443 1989 2589 2070 ejus

355 2085 571 2165 quoad
596 2106 765 2149 vera
795 2085 1220 2167 significatur
1251 2106 1371 2170 per
1393 2086 1578 2169 quod
1606 2083 1782 2148 “filii
1814 2083 1969 2150 facti
2000 2085 2137 2148 sint
2164 2085 2511 2148 devastati
2533 2084 2590 2148 τ’*

357 2179 530 2258 quod
571 2179 639 2243 id
684 2199 810 2262 per
853 2179 1026 2244 salsa
1071 2179 1258 2255 mali,
1303 2177 1723 2262 significatur
1766 2199 1887 2262 per
1930 2179 2114 2262 quod
2163 2179 2587 2246 “invaluerit

357 2268 566 2335 hostis
590 2271 644 2352 ;”
694 2279 734 2306 ‘⁴
756 2273 1029 2336 hostis”
1060 2283 1168 2338 est
1201 2274 1452 2336 falsum
1481 2273 1667 2348 mali,
1702 2292 1781 2337 ac
1813 2273 2148 2336 infernum
2180 2273 2362 2336 unde
2392 2273 2585 2338 illud.

431 2363 564 2448 [ὦ]
623 2367 843 2450 Apud
880 2366 1194 2444 Esaiam,

445 2499 474 2521 ‘⁴
487 2497 748 2559 Excitare,
785 2500 1034 2560 excitare,
1063 2515 1223 2562 surge
1262 2499 1664 2564 Hierosolyma,
1694 2514 1830 2564 quae
1864 2500 2045 2550 bibisti
2077 2514 2109 2549 e
2146 2513 2311 2550 manu
2342 2497 2585 2564 Jehovae
2606 2529 2617 2548 ι

599 2565 822 2614 calicem
862 2565 971 2614 irae
1005 2565 1140 2628 ejus,
1174 2565 1353 2616 faeces
1388 2565 1568 2616 calicis
1594 2565 1990 2628 trepidationis.
2010 2565 2326 2627 .exsuxisti;
2349 2579 2459 2614 non
2495 2567 2585 2629 qui

597 2629 746 2680 ducit
791 2643 912 2679 eam
954 2631 1021 2680 de
1061 2631 1314 2686 omnibus
1355 2630 1479 2682 fillis
1517 2645 1655 2695 quos
1696 2631 1919 2694 peperit,
1957 2645 2057 2680 nec
2096 2631 2187 2695 qui
2226 2631 2585 2694 apprehendit

599 2709 826 2745 manum
846 2695 965 2758 ejus
983 2696 1050 2745 de
1068 2697 1322 2747 omnibus
1341 2695 1464 2747 filiis
1515 2710 1616 2746 uos
1635 2697 1883 2746 educavit
1902 2710 1938 2752 ;.
1958 2733 1971 2745 .
1991 2733 2004 2746 .
2024 2695 2141 2746 ‚filii
2161 2697 2238 2748 tui
2256 2695 2585 2754 deiecerunt.

599 2759 886 2823 jacuerunt
909 2761 966 2809 in
993 2761 1168 2823 eapite
1191 2762 1435 2812 omnium
1465 2776 1501 2825 p
1555 2770 1763 2811 tearum
1782 2759 1810 2781 ”
1834 2761 1908 2824 (li.
1936 2772 2013 2822 17,
2039 2761 2116 2818 18.
2142 2757 2310 2824 1¹¹2o):

353 2900 756 2965 restauratio
801 2900 1137 2964 ecclesiae
1180 2921 1357 2983 quae
1409 2902 1476 2965 in
1529 2920 1719 2964 mere
1770 2900 1945 2964 falsa
1996 2900 2160 2965 mali
2212 2901 2409 2984 lapsa
2450 2911 2583 2980 est,

353 2993 766 3075 significatur
811 3015 934 3077 per
972 2993 1394 3072 “Excitare,
1432 2997 1769 3072 excitare,
1814 3015 2020 3078 surge
2068 2995 2582 3077 Hierosolyma,

354 3105 515 3167 quae
543 3087 784 3153 bibisti
813 3109 852 3152 e
883 3109 1094 3152 manu
1111 3088 1422 3171 Jehovae
1442 3089 1732 3153 calicem
1756 3090 1897 3153 irae
1917 3089 2083 3172 ejuS,
2100 3089 2329 3154 faeces
2348 3089 2585 3154 calicis

353 3183 826 3262 trepidationis
843 3183 1191 3247 exsuxisti
1217 3183 1272 3262 ;''
1296 3190 1335 3217 “
1357 3183 1849 3265 Hierosolyma
1866 3183 1897 3210 ’'
1912 3195 2021 3249 est
2042 3184 2339 3248 ecclesia
2354 3185 2585 3267 quoad

355 3273 769 3353 doctrinam3
822 3278 1194 3341 “excitare
1210 3275 1243 3304 '’
1277 3287 1351 3342 et
1391 3284 1730 3360 “surgere
1745 3278 1779 3304 '⁹
1812 3288 1921 3342 est
1964 3280 2380 3342 restauratio
2414 3278 2581 3360 ejus,

358 3367 634 3434 “bibere
691 3370 985 3434 calicem
1044 3370 1235 3435 irae”
1277 3379 1388 3436 est
1442 3371 1714 3447 falsum,
1758 3371 2043 3436 “faeces
2098 3372 2379 3437 calicis”
2421 3382 2584 3437 sunt

355 3479 527 3526 mere
567 3463 742 3527 falsa
785 3483 878 3527 ex
916 3465 1160 3546 quibus
1203 3465 1410 3541 mala,
1449 3465 1569 3529 illa
1603 3465 1959 3531 attrahere
1995 3465 2421 3547 significatur
2463 3486 2585 3549 per

357 3555 690 3622 “bibere”
719 3568 797 3622 et
831 3565 1233 3643 “exsugere
1257 3559 1314 3623 :”
1353 3567 1552 3624 “non
1583 3562 1697 3643 qui
1726 3561 1917 3624 ducit
1954 3579 2105 3624 eam
2141 3561 2230 3624 de
2264 3562 2585 3626 omnibus

353 3647 494 3714 filiis
526 3674 700 3736 quos
745 3657 1043 3738 peperit,
1081 3675 1210 3718 nec
1245 3655 1362 3737 qui
1404 3654 1869 3738 apprehendit
1912 3673 2191 3718 manum
2228 3654 2315 3719 de
2360 3657 2583 3720 omni-

353 3741 468 3807 bus
520 3745 672 3812 filiis
729 3770 906 3832 quos
961 3747 1348 3824 educavit,‘'
1400 3747 1747 3830 significat
1799 3749 1983 3830 quod
2037 3748 2231 3811 nulla
2279 3769 2445 3812 vera
2490 3770 2583 3814 ex

355 3835 580 3905 Verbo
607 3861 786 3926 quae
819 3843 1061 3906 didicit
1093 3851 1165 3906 et
1196 3842 1425 3906 hausit
1455 3863 1496 3905 a
1525 3842 1716 3906 falsis
1746 3841 1937 3905 illam
1969 3842 2311 3922 abducat;
2361 3843 2535 3908 “filii
2551 3844 2585 3870 ”

351 3929 436 3996 ibi
479 3945 640 4000 sunt
691 3957 898 4001 vera:
949 3935 1129 4000 “filii
1186 3936 1288 4000 tui
1338 3935 1765 4012 defecerunt,
1810 3935 2175 4016 jacuerunt
2228 3937 2298 4000 in
2354 3938 2584 4020 capite

351 4031 640 4094 omnium
695 4029 1151 4114 platearum,‘’
1203 4029 1544 4114 significat
1591 4029 1777 4114 quod
1832 4049 1997 4094 vera
2046 4031 2381 4114 dissipata
2444 4033 2585 4097 sint

353 4139 464 4204 per
497 4125 720 4188 omnis
757 4126 1032 4207 generis
1067 4123 1280 4204 salsa3
1326 4125 1486 4208 quia
1523 4123 1700 4189 “filii
1716 4123 1748 4150 ”
1779 4134 1941 4189 sunt
1979 4146 2162 4200 vera,
2202 4147 2322 4208 per
2356 4125 2585 4190 “defi-

352 4217 545 4280 cere”
566 4218 998 4301 significatur
1019 4219 1360 4302 dissipari,
1381 4227 1454 4284 et
1478 4239 1599 4302 per
1623 4218 1906 4301 “jacere
1928 4221 1998 4284 in
2022 4221 2253 4303 capite
2276 4222 2583 4284 omnium

353 4309 728 4392 platearum
745 4313 778 4338 ”
803 4313 1228 4395 significatur
1257 4333 1380 4396 per
1407 4313 1582 4378 salsa
1611 4316 1837 4378 omnis
1868 4317 2163 4397 generis,
2194 4314 2533 4398 “plateae
2552 4314 2585 4341 ’⁹

353 4406 524 4469 enim
561 4406 810 4470 “urbis
825 4406 859 4431 ”
892 4405 1288 4489 significant
1329 4407 1743 4473 doctrinalia
1784 4429 1968 4485 vera,
2014 4408 2123 4473 hic
2168 4408 2583 4474 doctrinalia

353 4495 534 4564 falsa.
617 4500 836 4584 Apud
871 4500 1193 4578 eundem,

436 4637 559 4691 “Ne
593 4641 836 4702 timeto,”
867 4640 1070 4705 Iacob„
1089 4679 1102 4694 .
1123 4680 1135 4694 .
1155 4643 1294 4694 stab
1321 4643 1528 4695 oriente
1555 4643 1819 4695 adducam
1848 4658 2035 4695 semen
2064 4653 2230 4705 tuum,
2258 4651 2314 4696 et
2340 4645 2409 4696 ab
2443 4643 2583 4694 occi-
