3259 5384
581 568 752 634 2044
1198 563 1698 616 APOCALYPSIS
1744 563 2194 616 EXPLICATA.

577 735 732 818 quia
770 735 948 819 apud
986 732 1139 799 illos
1176 733 1287 818 qui
1334 753 1470 797 non
1515 731 1582 797 in
1629 732 1813 796 bono
1850 741 2007 796 sunt
2045 742 2117 797 et
2152 732 2310 796 inde
2349 751 2473 796 nec
2520 731 2589 796 in
2634 731 2801 796 veris

581 844 822 897 (videatur
843 857 956 888 mox
975 843 1269 901 praecedens
1287 841 1530 895 articulus.
1551 853 1599 886 n.
1621 839 1661 906 7
1668 840 1893 904 30[a]);
1938 823 2097 887 inde
2134 825 2441 906 sequitur
2470 823 2654 906 quod
2686 843 2802 906 per

577 919 771 994 haec,
828 937 1093 1000 nempe,
1154 923 1193 950 ‘⁸
1223 916 1334 980 ubi
1392 915 1631 979 mulier
1684 915 1895 980 habet
1948 914 2175 978 locum
2230 925 2709 998 praeparatum
2762 935 2804 978 a

579 1011 788 1087 De0‚”
833 1011 1261 1094 significetur
1295 1019 1519 1074 status
1565 1009 1896 1074 ecclesiae
1942 1019 2016 1072 ut
2062 1009 2323 1072 interea
2368 1009 2803 1090 provideatur

577 1107 753 1170 inter
811 1105 1056 1189 plureS‚
1103 1114 1174 1169 et
1228 1104 1410 1188 quod
1469 1123 1588 1186 per
1644 1102 1865 1166 adhuc
1928 1103 2303 1186 sequentia,
2352 1120 2619 1185 nempe,
2672 1109 2803 1166 “ut

577 1199 767 1264 alant
822 1220 973 1263 eam
1027 1199 1261 1262 diebus
1317 1197 1502 1262 mille
1553 1198 1867 1261 ducentis
1920 1195 2348 1278 sexaginta,’'
2391 1196 2805 1278 significetur

578 1311 789 1372 usque
833 1290 996 1352 dum
1037 1291 1291 1353 crescit
1334 1290 1403 1351 in
1447 1287 1729 1372 plenum
1774 1304 1857 1360 (de
1884 1317 1985 1362 quo
2012 1317 2127 1350 mox
2153 1303 2288 1357 infra.
2317 1317 2365 1351 n.
2394 1303 2565 1368 732).
2664 1285 2801 1351 Sed

575 1384 662 1447 de
694 1383 825 1446 hoc
859 1391 1046 1445 statu
1079 1380 1432 1456 ecclesiae,
1468 1381 1576 1462 qui
1610 1379 2017 1462 intelligitur
2048 1400 2167 1462 per
2194 1379 2479 1442 “locum
2510 1379 2804 1442 mulieris

575 1478 642 1539 in
688 1473 1024 1550 desert0,”
1069 1477 1136 1539 in
1183 1473 1626 1558 sequentibus
1679 1473 1873 1554 hujus
1919 1475 2163 1555 capitis
2207 1474 2497 1556 amplius
2541 1475 2802 1555 agitur;

577 1571 822 1633 dicitur
868 1571 1048 1632 enim
1093 1569 1276 1652 quod
1326 1567 1650 1631 “mulieri
1693 1568 1901 1630 datae
1946 1568 2084 1630 sint
2127 1566 2302 1630 duae
2346 1564 2498 1630 alae
2540 1567 2804 1650 aquilae

579 1683 890 1744 magnae,
919 1673 992 1726 ut
1018 1663 1284 1726 volaret
1314 1661 1383 1724 in
1409 1661 1755 1724 desertum
1784 1661 1851 1722 in
1878 1659 2101 1724 locum
2128 1680 2341 1734 suum,
2372 1660 2481 1722 ubi
2513 1660 2805 1724 aleretur

581 1768 852 1839 tempus
884 1766 953 1819 et
988 1765 1298 1838 tempora
1327 1765 1397 1818 et
1423 1754 1773 1817 dimidium
1810 1754 2134 1836 temporis
2160 1775 2201 1816 a
2224 1753 2392 1817 facie
2417 1755 2731 1817 draconis
2755 1753 2803 1831 ;”

575 1861 845 1934 praeter
877 1849 1085 1932 plura.
1178 1847 1381 1930 Quod
1417 1848 1665 1912 “locus
1687 1847 1719 1872 ”
1748 1845 2088 1929 significet
2120 1856 2402 1920 statum,
2437 1857 2545 1910 est
2578 1867 2667 1910 ex
2700 1867 2802 1921 eo,

576 1944 755 2028 quod
788 1945 1032 2025 spatia,
1068 1943 1241 2016 loca,
1279 1943 1647 2007 distantiae
1680 1943 1745 2004 in
1778 1941 2034 2004 mundo
2061 1940 2390 2023 spirituali
2420 1943 2556 2004 sint
2590 1943 2657 2004 in
2689 1962 2806 2004 sua

577 2039 836 2122 origine
874 2046 1098 2101 status
1131 2039 1354 2100 vitae:
1404 2045 1742 2118 apparent
1775 2035 2047 2118 quidem
2086 2033 2199 2096 illa
2232 2055 2503 2117 prorsus
2534 2036 2708 2099 sicut
2740 2037 2803 2098 in

576 2134 710 2197 hoc
757 2131 1056 2206 mundo;
1106 2130 1238 2192 ‘sed
1287 2149 1497 2211 usque
1541 2127 1857 2192 differunt
1901 2128 1969 2191 in
2014 2149 2119 2202 eo,
2166 2129 2346 2211 quod
2392 2129 2672 2211 quisque
2718 2149 2805 2192 ex

577 2217 732 2290 loco
778 2226 888 2288 ubi
934 2223 1201 2286 habitat
1250 2233 1573 2286 noscatur
1616 2223 1835 2305 qualis
1880 2229 2008 2297 est,
2048 2231 2121 2287 et
2164 2223 2443 2304 quisque
2488 2243 2578 2286 ex
2626 2223 2801 2306 quali

577 2342 700 2384 suo
761 2329 1082 2383 noscatur
1137 2319 1248 2381 ubi
1307 2318 1615 2395 habitat;
1687 2319 1783 2380 ita
1841 2318 1909 2380 in
1973 2319 2317 2381 communi
2368 2318 2593 2400 quoad
2656 2317 2804 2381 loca

578 2415 879 2478 omnium
912 2412 1284 2475 secundum
1323 2410 1584 2494 pl‘agaS,
1618 2432 1697 2475 ac
1737 2412 1834 2474 ita
1871 2413 1937 2472 in
1976 2409 2363 2493 particulari
2394 2410 2620 2492 quoad
2654 2410 2803 2474 loca

579 2511 647 2572 in
681 2507 1146 2580 societatibuS,
1182 2516 1252 2569 et
1284 2525 1551 2588 quoque
1587 2505 1655 2568 in
1690 2505 2011 2587 singulari
2041 2505 2263 2587 quoad
2306 2505 2457 2568 loca
2490 2506 2556 2567 in
2590 2505 2803 2568 domi·

579 2604 722 2678 buS,
745 2604 954 2664 immo
980 2602 1046 2662 in
1073 2601 1398 2663 cameris:
1440 2599 1597 2662 inde
1626 2609 1821 2680 patet
1848 2600 2028 2681 quod
2056 2599 2243 2662 locus
2268 2609 2338 2662 et
2364 2599 2562 2682 quale
2588 2609 2806 2662 status

581 2716 784 2759 unum
815 2703 1048 2776 agant,
1085 2703 1155 2756 et
1187 2693 1317 2756 hoc
1355 2713 1446 2756 ex
1478 2711 1684 2755 causa
1714 2694 1869 2776 quia
1903 2694 2131 2756 omnia
2162 2713 2337 2776 quae
2375 2693 2442 2754 in
2479 2693 2805 2773 spirituali

581 2791 834 2854 mundo
871 2798 1050 2862 sunt,
1086 2808 1258 2869 quae
1294 2806 1524 2850 coram
1557 2786 1770 2849 oculis
1807 2797 2162 2869 apparent,
2199 2807 2407 2870 usque
2444 2787 2529 2850 ad
2570 2797 2803 2860 terraS,

578 2892 738 2947 sunt
769 2881 1413 2964 correspondentiae
1445 2880 1891 2962 spiritualium
1916 2902 1931 2957 ;
1978 2880 2135 2943 inde
2168 2871 2272 2943 est
2300 2880 2481 2963 quod
2512 2879 2762 2944 “locus
2776 2879 2805 2905 ''

578 2972 916 3054 significet
948 2981 1227 3034 Statum.
1299 2987 1470 3045 (Quod
1489 2989 1661 3046 spatia,
1682 2989 1791 3034 loca
1810 2995 1857 3034 et
1878 2989 2128 3034 distantiae
2150 2988 2198 3033 in
2220 3003 2309 3034 sua
2328 2989 2513 3046 origine
2530 2989 2625 3034 sint
2644 2997 2806 3042 status,

576 3074 634 3106 ac
655 3061 766 3106 inde
786 3061 834 3105 in
855 3060 1018 3105 Verbo
1034 3059 1297 3117 significent
1317 3067 1479 3113 status,
1496 3059 1715 3105 videatur
1732 3061 1781 3105 in
1802 3074 1948 3118 opere
1970 3061 2049 3106 De
2070 3061 2208 3107 Caelo
2228 3065 2276 3106 et
2290 3061 2499 3122 Inferna,
2518 3075 2565 3108 n.
2588 3075 2806 3120 191-199.

577 3135 659 3180 ubi
683 3135 945 3192 DeSpatio
965 3135 1014 3178 in
1032 3133 1182 3180 eaelo
1199 3134 1364 3179 aetum
1385 3133 1496 3192 est.)
1581 3117 1759 3182 Inde
1789 3139 2059 3200 quoque
2097 3128 2204 3182 est
2241 3120 2425 3201 quod
2462 3121 2531 3182 in
2568 3131 2806 3182 nostro

577 3213 832 3276 mundo
861 3222 1210 3292 receptum
1243 3212 1331 3274 sit
1355 3220 1614 3275 statum
1642 3231 1887 3276 vocare
1914 3212 2139 3276 locum
2168 3233 2184 3289 ;
2233 3223 2306 3276 ut
2339 3215 2519 3295 quod
2552 3214 2805 3276 consti·

579 3316 768 3371 tutus
813 3307 901 3369 sit
942 3306 1066 3367 “in
1112 3304 1268 3368 loco
1313 3304 1559 3378 celse,”
1593 3310 1633 3338 “
1658 3306 1725 3368 in
1765 3304 1921 3369 loco
1957 3307 2345 3383 eminenti,”
2377 3317 2449 3370 et
2490 3309 2617 3370 “in
2656 3307 2807 3370 loco

578 3398 880 3474 illustri,”
926 3419 1048 3480 pro
1093 3400 1160 3461 in
1205 3409 1394 3462 statu
1439 3398 1647 3474 celse,
1702 3401 2027 3462 eminenti
2072 3410 2144 3463 et
2189 3400 2451 3464 illustri.
2543 3401 2659 3464 Ex
2705 3401 2805 3464 his

579 3504 898 3557 constare
929 3503 1159 3574 potest
1189 3493 1348 3576 quid
1385 3492 1791 3575 intelligitur
1832 3513 1951 3577 per
1980 3494 2160 3576 quod
2196 3494 2529 3558 Dominus
2559 3496 2807 3560 dixerit

579 3587 942 3670 discipuliS,

688 3737 846 3802 Quod
870 3737 924 3786 in
944 3737 1107 3786 domo
1135 3737 1309 3787 Patris
1333 3739 1415 3786 sui
1436 3738 1747 3787 mansiones
1768 3738 1967 3788 multae
1984 3739 2109 3798 sint,
2126 3747 2183 3788 et
2200 3739 2341 3802 quod
2360 3741 2515 3790 abeat
2534 3741 2602 3790 ad
2623 3757 2808 3805 paran-

838 3803 963 3852 dum
993 3802 1098 3852 illis
1127 3803 1320 3862 locum,
1346 3813 1399 3852 et
1426 3804 1473 3853 si
1502 3803 1727 3852 abiverit
1750 3814 1804 3852 et
1833 3805 2098 3870 paraverit
2126 3805 2229 3853 illis
2258 3805 2433 3854 locum
2458 3807 2603 3869 quod
2627 3819 2807 3856 ventu-

839 3881 930 3916 rus
953 3877 1006 3916 et
1028 3879 1402 3932 assumpturus
1427 3868 1550 3919 illos
1578 3869 1646 3917 ad
1675 3869 1743 3918 Se
1774 3868 1958 3932 Ipsum
1988 3869 2137 3935 (Jok.
2162 3869 2269 3920 xiv.
2293 3881 2339 3930 2,
2365 3871 2444 3932 3):

579 4049 698 4111 per
719 4031 760 4060 “
777 4045 1012 4109 parare
1035 4025 1167 4088 illis
1193 4025 1464 4090 locum'’
1480 4025 1896 4107 significatur
1920 4027 2271 4108 providere
2296 4005 2565 4092 caelum
2592 4029 2802 4093 cuivis

579 4122 949 4186 secundum
982 4129 1238 4182 statum
1270 4120 1452 4183 vitae
1483 4119 1664 4200 ejus;
1712 4140 1868 4183 nam
1902 4141 2021 4202 per
2048 4121 2471 4203 “discipulos
2488 4123 2519 4148 ”
2550 4123 2804 4187 intelli-

579 4225 830 4297 guntur
863 4232 1101 4276 omnes
1132 4215 1243 4295 qui
1280 4214 1369 4276 ab
1403 4214 1695 4278 ecclesia
1735 4213 1951 4297 Ipsius
1988 4213 2187 4278 futuri
2224 4225 2405 4278 sunt.
2494 4215 2589 4280 Et
2627 4216 2803 4300 apud

575 4309 848 4384 Lucam,
1173 4315 1176 4322 '

677 4453 950 4518 “Quando
980 4451 1284 4502 immundus
1313 4452 1530 4514 spiritus
1557 4453 1671 4504 exit
1696 4455 1767 4503 ab
1794 4453 2028 4512 nomlne,
2058 4462 2306 4517 peragrat
2332 4453 2474 4503 nicea
2498 4453 2621 4504 loen
2646 4465 2801 4518 quae·

839 4533 964 4568 reus
991 4519 1230 4582 requiem
1245 4517 1275 4537 ”
1301 4518 1392 4568 (xi.
1421 4517 1535 4578 aen:
2607 4553 2623 4562 .
