3259 5384
1042 689 1204 741 cAP.
1236 690 1411 753 x1v.,
1445 688 1654 740 vans.
1693 689 1949 756 14—N.
1979 674 2124 758 906.
2155 672 2160 679 ’
2527 686 2693 756 2445

727 854 965 915 nummii.
999 854 1118 923 qui«
1150 855 1293 909 aruit
1323 855 1515 913 mucis
1549 856 1766 914 tumet·
1799 853 2044 919 significat
2076 854 2212 919 quod
2237 859 2427 917 temous
2461 852 2532 902 sit
2565 851 2698 901 colla·-

712 923 874 988 gendi
892 923 1052 982 bonos,
1080 930 1128 973 et
1154 923 1428 987 separandi
1458 924 1568 973 illos
1597 939 1632 971 a
1666 922 1832 981 malis,
1853 922 2094 987 quom'am
2110 920 2251 985 finis
2270 919 2491 969 ecclesiae
2511 924 2582 969 est
2615 916 2695 984 [n.

765 1000 786 1037 1
799 1000 820 1037 1
863 1026 874 1037 .

496 1078 575 1129 16.
624 1077 717 1131 Ἐἰ
726 987 883 1132 §zm-‘L
899 1080 1091 1132 udam
1113 1093 1277 1147 συροι·
1296 1078 1431 1132 nubo
1454 1079 1640 1131 falcem
1655 1092 1819 1145 cuper
1840 1081 2050 1136 tore-am,
2071 1081 2126 1130 ot
2146 1076 2387 1129 damona
2405 1079 2491 1128 oct
2511 1074 2698 1132 torm?

722 1145 965 1211 signifieat
986 1148 1314 1197 collationem
1331 1146 1571 1196 hortonam
1587 1161 1623 1195 a
1646 1145 1810 1205 maliti,
1825 1151 1876 1195 et
1891 1146 2028 1211 quod
2041 1146 2114 1195 sic
2132 1145 2397 1193 devastata
2417 1143 2486 1191 sit
2503 1140 2698 1190 ecclesia

729 1212 807 1279 [n.
830 1212 979 1279 912]-

578 1358 790 1426 904.
832 1360 1111 1420 [Vers.14.]
1150 1344 1268 1407 “Et
1300 1344 1760 1425 uidi.”—Quod
1799 1341 2136 1425 significet
2164 1340 2697 1422 praediitionem

465 1432 575 1516 [de
624 1436 1069 1519 separatione]
1127 1436 1438 1499 bonorum
1488 1456 1533 1499 a
1583 1434 1802 1508 malis,
1861 1444 2138 1499 constat
2199 1455 2289 1498 ex
2351 1454 2454 1506 e0,
2511 1430 2694 1514 quod

464 1532 751 1594 “videre
766 1530 798 1557 ”
838 1531 1146 1594 involvat
1192 1530 1310 1593 illa
1346 1517 1518 1613 quae
1555 1531 1748 1604 vidit,
1787 1550 1958 1612 quae
1997 1538 2155 1592 sunt
2191 1549 2364 1610 quae
2401 1545 2694 1609 sequun-

460 1631 613 1701 tur;
654 1634 725 1687 et
761 1627 917 1707 quia
948 1625 1117 1688 haec
1158 1626 1226 1687 in
1265 1623 1595 1706 spirituali
1628 1644 1832 1687 sensu
1862 1623 2219 1687 involvunt
2253 1623 2536 1704 primam
2575 1640 2695 1683 seu

462 1736 895 1782 communem
935 1721 1435 1800 separationem
1474 1718 1811 1783 bonorum
1849 1738 1890 1781 a
1949 1716 2167 1790 maliS,
2219 1717 2373 1779 ideo
2420 1715 2528 1778 hic
2576 1735 2694 1797 per

462 1811 683 1874 “Vidi
698 1810 729 1838 ”
760 1811 1181 1893 significatur
1212 1810 1582 1894 praedifitio
1612 1813 1700 1875 de
1737 1812 1872 1875 illa.
1964 1810 2328 1875 Sciendum
2367 1818 2473 1872 est
2512 1806 2692 1891 quod

458 1906 525 1968 in
557 1907 997 1989 sequentibus
1034 1908 1101 1969 in
1139 1907 1269 1971 hoc
1305 1907 1529 1988 capite
1564 1906 1994 1988 praedicatur
2026 1906 2368 1987 separatio
2400 1905 2466 1967 in
2499 1921 2690 1966 com·

460 2003 665 2077 muni,
706 2022 784 2065 ac
830 2004 895 2065 in
935 2002 1375 2084 sequentibus
1412 2004 1479 2065 in
1520 2001 1931 2083 particulari,
1973 2022 2090 2064 seu
2127 2002 2194 2063 in
2233 2000 2479 2082 specie,
2520 2018 2692 2080 quae

459 2094 861 2159 describitur
897 2116 1019 2179 per
1052 2103 1091 2129 ‘⁴
1114 2106 1383 2178 septem
1422 2095 1710 2177 angelos
1748 2095 2087 2159 habentes
2126 2105 2391 2175 septem
2429 2091 2692 2173 phialas

456 2191 1077 2263 excandescentiae
1125 2189 1330 2253 Dei:''
1388 2189 1569 2272 quod
1630 2191 1973 2272 separatio
2018 2190 2349 2251 bonorum
2404 2208 2446 2249 a
2497 2184 2693 2249 malis

456 2283 553 2345 ita
598 2282 1041 2357 describatur,
1084 2293 1190 2347 est
1236 2284 1608 2347 secundum
1657 2283 1978 2346 Divinum
2025 2283 2355 2355 ordinem,
2404 2281 2515 2363 qui
2560 2288 2689 2355 est,

456 2387 530 2440 ut
557 2397 919 2440 commune
940 2377 1329 2459 praecedat,
1353 2386 1724 2459 antequam
1748 2377 2178 2459 particularia
2205 2385 2275 2439 et
2301 2373 2689 2457 singularia,

458 2490 630 2551 quae
690 2472 899 2534 etiam
961 2479 1119 2535 sunt
1186 2469 1522 2553 specifica,
1587 2472 1966 2534 traduntur.
2059 2468 2260 2551 Quod
2320 2466 2692 2531 secundum

456 2562 774 2627 Divinum
810 2564 1114 2628 ordinem
1154 2566 1243 2628 sit
1282 2573 1364 2650 ut¹
1395 2583 1758 2627 commune
1795 2565 2185 2645 praecedat,
2221 2572 2328 2627 est
2367 2571 2442 2625 ut
2480 2561 2690 2643 parti-

456 2657 706 2721 cularia
746 2660 1009 2740 possint
1056 2659 1397 2733 insinuari,
1438 2678 1515 2721 ac
1556 2657 1742 2739 juste
1779 2660 2093 2733 ordinari,
2135 2678 2212 2721 ac
2261 2657 2693 2737 homogenea

453 2746 617 2822 fieri,
678 2770 756 2812 ac
816 2748 1154 2812 affinitate
1213 2749 1557 2831 conjungi.
1644 2766 1745 2825 (De
1772 2778 1870 2823 qua
1901 2778 1953 2810 re
1979 2766 2232 2810 videantur
2257 2777 2384 2821 quae
2409 2764 2460 2808 in
2487 2763 2697 2809 Arcana:

460 2836 741 2881 Caelestibm
772 2837 943 2882 tradita
972 2844 1107 2884 sunt:
1146 2850 1335 2895 nempe,
1358 2837 1505 2895 Quod
1536 2837 1814 2883 communia
1843 2838 2148 2896 praecedant,
2180 2844 2228 2881 et
2259 2836 2347 2881 illis
2377 2834 2694 2893 particularia,

453 2910 501 2948 et
520 2904 593 2949 his
612 2904 870 2961 singularia
888 2905 1199 2958 insinuentur,
1222 2918 1269 2951 n.
1292 2918 1397 2963 920,
1414 2916 1551 2963 4325.
1567 2918 1704 2963 4329,
1719 2916 1855 2963 4345,
1873 2908 2008 2963 5208,
2021 2905 2156 2962 6089.
2220 2904 2368 2962 Quod
2389 2904 2520 2962 apud
2540 2901 2695 2949 bomi-

453 2984 564 3016 nem
584 2972 668 3029 qui
690 2979 993 3029 regeneratur
1014 2972 1288 3017 communia
1306 2974 1612 3030 praecedant,
1626 2979 1676 3017 et
1695 2981 1954 3029 sequantur
1969 2972 2137 3017 ordine
2151 2970 2452 3029 particularia
2465 2977 2515 3015 et
2533 2970 2696 3029 singu·

452 3038 581 3093 laria,
600 3052 645 3084 n.
664 3050 799 3096 3057,
816 3049 953 3096 4345,
965 3042 1101 3096 4383,
1115 3039 1250 3096 6089.
1314 3038 1461 3096 Quod
1476 3040 1587 3084 dein
1604 3039 1819 3085 omnium
1837 3039 2164 3085 subordinatio
2179 3039 2236 3083 sit
2251 3038 2343 3084 sub
2357 3038 2696 3083 eommunibus

452 3108 585 3163 apud
606 3106 755 3160 illum,
770 3114 817 3151 et
837 3107 905 3151 sic
918 3120 1082 3160 nexus,
1100 3120 1146 3152 n.
1166 3117 1300 3164 5339.
1354 3106 1501 3163 Quod
1516 3107 1794 3152 communia
1808 3107 1992 3164 impleri
2007 3107 2191 3165 possint
2205 3106 2480 3159 innumeris,
2495 3118 2540 3152 n.
2555 3118 2694 3162 7131.

454 3174 623 3230 Qualis
653 3174 801 3219 homo
833 3174 881 3218 in
912 3174 1157 3219 communi
1189 3181 1274 3227 αἱ,
1296 3175 1432 3231 quod
1462 3174 1568 3219 talis
1598 3174 1658 3219 sit
1689 3174 1738 3219 in
1769 3174 1966 3231 singulis
2001 3175 2113 3225 suis,
2136 3187 2184 3220 n.
2209 3171 2365 3231 [¹1917,
2391 3186 2524 3230 1040,
2558 3172 2692 3230 1316.

453 3241 601 3297 Quod
632 3242 680 3286 id
710 3242 846 3298 quod
876 3242 1194 3287 communiter
1222 3248 1403 3299 regnat,
1426 3242 1485 3286 sit
1515 3241 1565 3286 in
1594 3242 1820 3287 omnibus
1849 3248 1898 3286 et
1927 3242 2137 3299 singulis,
2170 3255 2217 3286 n.
2240 3242 2376 3299 6159.
2397 3242 2534 3298 7648,
2556 3240 2692 3295 8067,

454 3310 739 3367 8853-8857,
756 3308 889 3365 8865.
956 3308 1094 3354 Haec
1114 3309 1257 3354 allata
1272 3315 1397 3362 sunt,
1417 3314 1471 3353 ut
1490 3309 1666 3354 sciatur
1685 3322 1772 3354 cur
1789 3308 1868 3354 hic
1887 3308 2094 3367 primum
2111 3308 2385 3354 communia
2406 3315 2454 3353 et
2472 3310 2693 3367 generice

454 3377 719 3429 traduntur,
741 3389 798 3421 ac
818 3384 987 3433 postea
1004 3376 1309 3434 particularia
1323 3383 1369 3420 et
1389 3376 1684 3434 singularia.)

571 3462 781 3530 905.
837 3448 1015 3530 “[ΕΙ]
1051 3467 1206 3511 ecee
1234 3448 1425 3511 nubes
1454 3447 1948 3530 alba.”—Quod
1987 3448 2324 3529 significet
2355 3448 2688 3513 Divinum

392 3594 399 3603 .
468 3539 708 3603 Verum
753 3541 823 3603 in
867 3540 1143 3615 ultimis,
1184 3540 1379 3621 quale
1418 3550 1522 3603 est
1572 3540 1862 3603 Verbum
1904 3540 1974 3603 in
2018 3561 2214 3604 sensu
2258 3540 2538 3616 litterae,
2583 3542 2694 3605 cui

452 3636 685 3697 sen'sus
722 3632 1107 3715 spiritualis
1144 3633 1334 3709 inest,
1377 3643 1657 3697 constat
1703 3654 1794 3697 ex
1839 3634 2335 3715 significatione
2378 3636 2689 3710 “nubis,”

456 3728 635 3810 quod
674 3730 764 3791 sit
804 3727 1123 3791 Divinum
1165 3727 1421 3791 Verum
1466 3730 1533 3791 in
1573 3728 1850 3803 ultimiS,
1892 3739 1964 3792 et
2009 3730 2166 3792 inde
2203 3750 2470 3811 quoque
2509 3730 2686 3794 Ver-

454 3818 615 3881 bum
646 3820 713 3881 in
744 3838 949 3881 sensu
982 3819 1259 3882 litterae
1284 3835 1368 3893 (de
1386 3848 1485 3893 qua
1503 3849 1730 3893 supra,n.
1753 3818 1850 3899 36.
1878 3834 2022 3900 594)
2049 3842 2063 3897 ;
2101 3840 2276 3901 quae
2302 3821 2517 3884 nubes
2541 3822 2687 3885 visa

452 3925 559 3979 est
596 3914 876 3977 ·“alba''
922 3936 1013 3978 ex
1062 3915 1558 3979 translucentia
1602 3916 1832 3980 Divini
1879 3916 2042 3980 Veri
2096 3918 2164 3979 in
2210 3916 2438 3991 caelis»,
2486 3919 2686 3999 quale

451 4020 558 4073 est
597 4008 902 4072 Verbum
950 4010 1015 4071 in
1064 4029 1266 4072 sensu
1305 4010 1678 4091 spirituali;
1727 4011 1947 4073 omnis
1985 4012 2165 4073 enim
2203 4011 2472 4086 albedo,
2513 4032 2686 4094 quae

451 4104 518 4165 in
553 4102 764 4167 caelis.
793 4113 1099 4183 apparet,
1134 4104 1377 4167 existit
1410 4125 1501 4167 ex
1534 4103 1686 4167 luce
1718 4102 1912 4177 caeli,
1939 4124 2113 4186 quae
2144 4106 2211 4167 in
2244 4126 2364 4169 sua
2388 4107 2688 4171 essentia

450 4205 557 4259 est
598 4194 916 4258 Divinum
952 4195 1207 4258 Verum
1239 4218 1254 4273 ;
1302 4197 1458 4260 inde
1497 4208 1603 4261 est
1637 4198 1818 4280 quod
1851 4198 2102 4279 angeli,
2137 4200 2293 4281 quia
2329 4201 2395 4261 in
2436 4200 2687 4265 Divino

450 4284 641 4349 Vero
686 4296 871 4360 sunt,
918 4288 1143 4349 induti
1186 4288 1324 4350 sint
1376 4288 1690 4351 vestibus
1732 4288 1908 4351 albis
1961 4298 2032 4351 et
2090 4290 2418 4353 candidis
2516 4307 2687 4365 (Quod

450 4380 679 4426 Divinum
707 4382 890 4426 Verum
916 4382 1186 4440 procedens
1212 4396 1243 4427 a
1272 4382 1486 4429 Domino
1513 4391 1568 4428 ut
1594 4383 1709 4429 Sole
1735 4384 1795 4428 sit
1825 4384 1932 4429 Lux
1962 4385 2095 4437 meli,
2118 4386 2338 4430 videatur
2363 4386 2412 4431 in
2441 4399 2588 4444 opere
2609 4388 2686 4433 Be

454 4460 591 4507 Caelo
606 4466 653 4505 et
662 4462 873 4520 ·Infemo.
892 4474 941 4507 n.
962 4460 1201 4519 126-1402
1230 4468 1278 4505 et
1291 4463 1427 4519 quod
1440 4457 1467 4477 “
1484 4462 1650 4507 album
1667 4462 1694 4479 ”
1714 4462 1828 4509 inde
1845 4463 1894 4507 in
1911 4464 2076 4509 Verbo
2089 4464 2277 4510 dicatur
2293 4466 2355 4511 de
2371 4466 2510 4519 veris,
2522 4478 2683 4524 supra,

446 4552 495 4587 n.
526 4523 687 4604 196.)

565 4614 783 4694 906.
835 4612 954 4675 “ft
988 4632 1181 4694 wpos·
1204 4613 1363 4677 embo
1390 4613 1617 4677 eodone
1645 4613 1859 4678 similit
1891 4614 2040 4678 Filio
2071 4615 2680 4699 hominie.''—Quod
