3259 5384
545 672 710 738 1940
1161 669 1665 722 APOCALYPSIS
1710 671 1981 724 EXPLIC
1990 671 2166 723 ATA.

536 861 656 924 per
697 839 1018 904 “femur”
1055 843 1236 906 enim
1285 841 1705 926 significatur
1748 841 2141 925 conjunetio
2185 842 2348 908 boni
2392 851 2463 908 et
2507 842 2669 918 veri,
2712 851 2785 908 et

535 956 657 1017 per
712 935 1247 1001 “luxationem-'²
1299 936 1467 1018 ejuS,
1522 938 1708 1020 quod
1760 937 1948 1001 nulla
2000 935 2385 1020 conjunctio
2436 938 2576 1002 veri
2628 957 2781 1001 cum

535 1029 718 1093 bono
770 1039 954 1094 esset
999 1030 1258 1113 Jacobo
1321 1041 1393 1095 et
1439 1033 1733 1113 posteris
1784 1031 1965 1112 ejus3
2025 1032 2155 1095 hoc
2210 1031 2614 1114 intelligitur
2666 1051 2785 1114 per

534 1121 718 1203 quod
754 1120 1029 1203 “Jacob
1065 1131 1393 1204 potenter
1429 1125 1842 1206 pugnaverit
1874 1142 2027 1186 cum
2061 1121 2274 1186 De0.”
2338 1141 2458 1198 (Sed
2479 1140 2785 1188 dehisvide·

533 1221 676 1258 antur
693 1213 894 1260 Arcana
919 1214 1167 1267 Caelestia,
1190 1227 1238 1260 n.
1270 1218 1410 1270 4281.
1433 1215 1518 1260 ubi
1549 1215 1787 1273 explicata
1814 1223 1940 1260 sunt.
2004 1215 2153 1271 Quod
2182 1228 2301 1273 gens
2334 1215 2591 1262 israelitica
2620 1222 2667 1261 et
2698 1215 2785 1276 Ju-

533 1281 673 1326 daiea
701 1293 802 1326 non
833 1281 988 1326 electa
1017 1282 1171 1332 fixerit.
1203 1283 1291 1328 sed
1321 1289 1515 1340 recepta
1549 1289 1604 1327 ut
1631 1283 1883 1328 ecclesiam
1916 1290 2303 1340 repraesentaret,
2335 1283 2402 1329 ob
2432 1283 2782 1329 oontmnaciam

534 1361 634 1406 qua
670 1355 829 1407 patres
850 1362 1015 1394 eorum
1049 1357 1096 1394 et
1129 1349 1296 1396 Moses
1325 1350 1609 1404 institerunt,
1629 1349 1696 1395 ibi
1726 1363 1774 1398 n.
1797 1363 1933 1409 4³90,
1954 1363 2091 1408 4293.
2112 1363 2249 1408 7051,
2270 1360 2406 1410 7439,
2432 1363 2595 1410 ιο43ο,
2620 1363 2781 1410 10535,

539 1423 726 1483 10632.)
812 1408 1023 1488 Apud
1059 1408 1316 1484 Mosen,

649 1537 997 1588 Collidebant
1025 1537 1118 1588 filii
1145 1539 1288 1588 inter
1314 1555 1372 1588 se
1402 1539 1458 1589 in
1487 1549 1676 1590 ventre
1706 1539 2011 1590 Rebeccae:
2049 1550 2102 1590 et
2130 1541 2310 1590 “dixit
2335 1539 2597 1606 Jehovah,
2628 1539 2781 1590 Duae

803 1614 995 1666 gentes
1026 1605 1078 1652 in
1109 1615 1264 1654 utero
1292 1615 1401 1665 tuo,
1430 1615 1484 1654 et
1511 1606 1621 1655 duo
1650 1605 1833 1668 populi
1860 1621 1890 1655 e
1918 1606 2210 1656 visceribus
2240 1606 2347 1655 tuis
2375 1608 2779 1668 separabuntur,

795 1679 849 1718 et
873 1669 1102 1732 populus
1129 1685 1257 1732 prae
1281 1672 1484 1732 populo
1511 1671 1728 1728 vaiebit,
1752 1682 1807 1720 et
1834 1671 2010 1734 major
2033 1668 2283 1723 1¹1serviet
2312 1672 2522 1721 minori.
2594 1671 2661 1720 Et
2686 1673 2783 1720 im·

797 1735 926 1798 pleti
955 1744 1080 1784 sunt
1108 1735 1223 1786 dies
1251 1737 1320 1785 ad
1345 1736 1682 1799 pariendum,
1708 1748 1762 1785 et
1789 1751 1911 1785 ecce
1935 1737 2135 1799 gemini
2166 1736 2219 1786 in
2249 1747 2403 1786 utero
2430 1737 2564 1798 ejus,
2590 1748 2643 1786 et
2671 1737 2781 1786 exi-

796 1801 872 1848 vit
897 1801 1098 1862 primus
1125 1801 1274 1851 rusus
1301 1811 1461 1860 totus,
1484 1803 1624 1851 sicut
1649 1801 1831 1850 tunica
1854 1802 2041 1864 pilosa,
2066 1811 2119 1850 et
2143 1803 2411 1851 vocabant
2436 1816 2633 1850 nomen
2660 1802 2779 1864 ejus

797 1865 969 1914 Esau:
1007 1876 1062 1915 et
1090 1877 1214 1928 post
1241 1867 1314 1916 ita
1341 1867 1515 1916 exivit
1541 1867 1709 1918 frater
1736 1867 1873 1928 eiua,
1900 1878 1955 1916 et
1982 1881 2177 1918 manus
2204 1867 2323 1930 ejus
2348 1868 2693 1929 prehendens
2722 1869 2776 1916 in

795 1931 1103 1981 calcaneum
1127 1931 1304 1991 Esavi,
1325 1941 1379 1981 et
1405 1933 1640 1981 vocabat
1664 1946 1866 1982 nomen
1886 1921 2005 1994 ejus
2022 1931 2193 1997 Jacob
2206 1931 2236 1952 ”
2259 1933 2403 1994 (Gen.
2422 1947 2544 1981 xxv.
2566 1933 2775 1994 20-26):

531 2063 702 2128 haec
747 2063 1067 2126 historica
1113 2061 1475 2128 involvunt
1520 2063 1638 2127 illa
1690 2085 1863 2146 quae
1918 2083 2097 2126 nunc
2140 2083 2344 2146 supra
2386 2063 2472 2127 de
2515 2062 2776 2144 Jacobo

532 2166 605 2220 et
657 2155 798 2238 ejus
843 2159 1131 2238 posteris
1179 2154 1362 2220 difta
1413 2167 1610 2234 sunt3
1674 2157 1857 2239 quod
1904 2176 2149 2238 nempe
2197 2175 2381 2220 mere
2426 2156 2773 2220 naturales

532 2261 784 2326 essent,
826 2261 897 2315 et
943 2250 1101 2316 inde
1149 2271 1284 2315 non
1333 2252 1399 2314 in
1446 2251 1674 2334 aliquo
1720 2253 1905 2314 bono
1950 2250 2239 2314 naturali
2286 2271 2375 2314 ex
2422 2249 2772 2331 spirituali,

532 2346 713 2428 quod
747 2344 1166 2427 significatur
1198 2366 1316 2426 per
1351 2351 1389 2377 ‘⁴
1412 2345 1712 2410 Esavurn
1742 2345 1794 2424 ;’'
1839 2343 2022 2428 quod
2052 2345 2289 2426 Jacobi
2327 2345 2581 2425 posteri
2619 2345 2774 2407 abs·-

532 2460 663 2521 que
718 2439 836 2503 illo
889 2449 1140 2514 essent,
1192 2438 1609 2522 significatur
1664 2459 1784 2522 per
1836 2439 2017 2522 quod
2067 2438 2339 2521 “Jacob
2392 2440 2632 2501 exiens
2684 2459 2775 2501 ex

533 2543 727 2596 utero
773 2533 1006 2596 matris
1055 2533 1494 2613 prehenderit
1542 2531 1938 2596 calcaneum
1986 2531 2271 2612 Esavi;”
2326 2549 2455 2613 per·
2494 2531 2773 2596 “calca-

533 2645 738 2688 neum
755 2623 788 2649 '⁹
831 2623 1264 2706 significatur
1309 2623 1629 2687 ultimum
1676 2625 2013 2688 naturale.
2101 2639 2221 2700 (Sed
2248 2641 2369 2686 haec
2397 2653 2597 2699 quoque
2625 2637 2775 2698 expu-

531 2737 640 2776 eata
659 2731 840 2776 suntin
861 2731 1070 2776 Arcana
1097 2729 1412 2788 eaelum-n.)
1499 2714 1713 2797 Apud
1752 2713 2071 2788 eundem,

632 2846 726 2896 “A
753 2845 870 2895 Deo
896 2847 1064 2908 patris
1089 2845 1164 2896 tui
1188 2855 1244 2895 et
1267 2845 1472 2908 juvabit
1497 2855 1564 2904 te,
1590 2855 1645 2896 et
1667 2859 1787 2896 cum
1814 2845 2075 2895 Schaddai
2100 2855 2153 2896 et
2176 2845 2457 2895 benedicet
2482 2845 2593 2904 tibi,
2618 2847 2776 2895 bene-

794 2907 1121 2960 dictionibus
1156 2911 1292 2960 caeli
1327 2911 1574 2974 desuper,
1609 2909 2074 2961 benedictionibus
2115 2911 2300 2973 abyssi
2336 2911 2582 2960 cubantis
2618 2911 2774 2968 infra,

793 2974 1260 3026 benedictionibus
1283 2977 1509 3025 uberum
1535 2985 1590 3026 et
1612 2976 1749 3025 uteri
1768 2976 1796 2996 '⁹
1821 2977 1965 3038 (Gen.
1990 2977 2115 3025 xlix.
2142 2977 2255 3038 25):

537 3110 708 3173 haec
734 3106 1142 3184 ,benedietio
1183 3107 1460 3190 Josephi
1506 3129 1547 3172 a
1591 3119 1786 3190 patre
1834 3107 2105 3184 Israele,
2146 3109 2231 3171 de
2276 3129 2410 3191 qua
2454 3109 2663 3172 etiam
2708 3107 2773 3170 in

531 3201 594 3264 A
606 3201 836 3264 rcam‘s
871 3199 1290 3264 Caelestibus
1327 3216 1763 3278 (n.6428-6434);
1810 3210 1883 3264 et
1927 3200 2017 3263 ibi
2061 3200 2243 3282 quod
2286 3197 2769 3262 “benedictio-

533 3313 656 3356 nes
693 3291 1020 3356 uberum”
1049 3291 1434 3374 significent
1467 3291 1859 3356 affectiones
1890 3291 2053 3355 boni
2089 3303 2159 3356 et
2200 3293 2361 3366 veri,
2396 3302 2467 3355 et
2504 3299 2544 3324 ‘⁴
2566 3291 2773 3355 bene-

534 3385 867 3450 dictiones
903 3387 1120 3452 uteri'’
1158 3385 1707 3468 conjunctionem
1754 3387 1914 3451 boni
1959 3396 2029 3450 et
2077 3387 2237 3462 veri,
2279 3387 2375 3450 ita
2410 3407 2771 3468 regenera-

532 3483 809 3545 tionem.
899 3481 1109 3563 Apud
1147 3482 1462 3556 eundern,

634 3617 664 3640 ‘⁸
681 3615 756 3666 Ut
769 3615 798 3634 ”
826 3615 1071 3680 Jehovah
1101 3617 1290 3664 “amet
1325 3623 1393 3674 te,
1422 3624 1478 3664 et
1513 3615 1796 3665 benedicat
1831 3615 1943 3675 tibi,
1970 3623 2027 3664 et
2054 3615 2371 3678 multiplicet
2400 3623 2467 3674 te,
2495 3614 2775 3664 benedicat

795 3678 989 3730 frudini
1021 3681 1225 3730 ventris
1255 3682 1349 3738 tui,
1378 3690 1431 3730 et
1468 3678 1663 3730 irutstui
1702 3691 1874 3730 terrae
1912 3693 2048 3738 tuae,
2078 3679 2350 3730 frumento
2379 3691 2472 3729 tuo
2507 3691 2563 3730 et
2596 3691 2776 3730 musto

795 3755 905 3804 tuo,
926 3746 1048 3795 oleo
1071 3757 1181 3800 tuo.
1201 3745 1333 3796 fetui
1353 3747 1514 3794 bourn
1537 3755 1767 3806 tuorum,
1788 3754 1842 3795 et
1864 3747 2092 3794 arietum
2111 3746 2293 3808 gregis
2319 3746 2393 3795 tui
2412 3745 2440 3765 '⁹
2462 3745 2667 3808 (Deutr.
2688 3745 2774 3794 vii.

797 3812 909 3872 13);

533 3937 606 3992 et
643 3925 824 4002 alibi,

631 4039 662 4062 ⁸·
681 4033 1006 4087 Benedie‘tus
1033 4031 1240 4086 fmc'tus
1269 4035 1472 4085 ventris
1509 4036 1602 4096 tui,
1631 4045 1687 4086 et
1722 4031 1927 4086 inicius
1962 4043 2136 4086 terrae
2166 4045 2331 4095 tuae..
2350 4072 2364 4086 .
2382 4071 2395 4086 .
2416 4035 2582 4086 ,fetus
2610 4036 2773 4085 boum

794 4113 1025 4163 tuorum,
1051 4114 1105 4152 et
1129 4117 1382 4166 pecorum
1406 4103 1588 4164 gregis
1612 4103 1691 4151 tui
1704 4099 1733 4120 ”
1758 4101 1962 4164 (Deutr.
1988 4101 2169 4150 xxviii.
2192 4103 2273 4161 4):

532 4236 707 4299 haec
745 4234 834 4298 ad
866 4233 1037 4298 filios
1065 4233 1324 4316 Jacobi,
1359 4233 1470 4316 qui
1503 4253 1641 4296 non
1674 4232 1872 4297 aliter
1902 4232 2018 4297 illa
2048 4233 2540 4298 intellexerunt
2570 4249 2773 4316 quam

534 4329 956 4404 naturaliter,
996 4330 1125 4393 hoc
1173 4340 1301 4404 est,
1343 4329 1719 4391 secundum
1754 4347 2025 4391 sensum
2066 4327 2357 4403 litterae,
2396 4328 2551 4410 quia
2592 4346 2773 4390 mere

534 4423 880 4487 naturales
918 4432 1133 4499 erant,
1174 4433 1244 4486 et
1284 4442 1554 4504 prorsus
1594 4441 1732 4484 non
1772 4421 2193 4503 spirituales;
2241 4431 2313 4486 at
2352 4440 2472 4503 per
2510 4421 2773 4484 “bene-

532 4515 911 4582 dictiones'’
941 4517 1093 4582 illas
1125 4515 1592 4600 significantur
1624 4514 2137 4581 benedietiones
2168 4515 2570 4598 spirituales,
2598 4535 2771 4598 quae

531 4625 691 4678 sunt
723 4612 894 4678 caeli
931 4623 1000 4677 et
1037 4614 1194 4678 inde
1234 4613 1414 4676 vitae
1452 4623 1813 4678 aeternae:
1872 4629 2029 4674 narn
2068 4631 2187 4694 per
2228 4609 2571 4675 “fructum
2607 4630 2770 4674 ven-
