3259 5384
620 623 788 687 2028
1241 636 1744 689 APOCALYPSIS
1791 638 2245 691 EXPLICATA.

618 826 741 889 per
778 808 1049 873 “vitem
1066 807 1098 833 ”
1132 808 1555 890 significatur
1588 809 1900 886 ecclesia,
1939 832 2116 893 quae
2150 810 2218 875 in
2257 810 2586 893 principio
2619 810 2878 892 capitis

618 912 902 967 vocatur
936 909 1233 979 “mater,
1261 925 1435 987 quae
1465 902 1644 968 sacta
1676 905 1915 969 leaena
1937 905 1991 969 :³³
2032 905 2408 988 “plantata
2437 907 2506 968 in
2538 902 2878 969 deserto”

618 996 862 1061 dicitur
907 1017 1059 1062 cum
1104 999 1174 1061 in
1220 996 1337 1061 illa
1382 1018 1521 1063 non
1565 998 1856 1082 amplius
1900 1019 2135 1065 verum
2179 1001 2339 1083 quia
2383 1019 2520 1063 non
2566 1000 2834 1061 bonum
2859 1018 2876 1075 ;

621 1097 859 1155 “terra
894 1092 1232 1156 ariditatis
1247 1092 1277 1117 ”
1314 1103 1425 1157 est
1462 1113 1597 1156 non
1637 1094 1892 1157 bonum
1923 1095 2045 1158 sed
2085 1094 2240 1157 loco
2271 1094 2413 1174 ejus
2444 1093 2704 1157 malum
2734 1114 2750 1170 ;
2801 1101 2876 1155 et

620 1191 861 1249 “terra
897 1187 1046 1249 sitis
1063 1185 1094 1210 ’⁸
1132 1196 1239 1251 est
1286 1206 1424 1250 non
1462 1206 1696 1251 verum
1742 1189 1863 1252 sed
1911 1187 2066 1252 loco
2109 1186 2252 1269 ejus
2295 1186 2560 1250 falsum.
2652 1185 2875 1268 Apud

615 1280 1011 1357 Hoscheam,

715 1414 1082 1465 “contendite
1100 1430 1222 1465 cum
1243 1424 1415 1465 matre
1430 1425 1625 1475 vestra,
1639 1453 1650 1466 .
1672 1452 1685 1465 .
1703 1452 1716 1466 .
1738 1424 1818 1466 ,ut
1835 1424 2112 1466 removeat
2129 1416 2485 1465 scortationes
2504 1428 2632 1465 suas
2650 1428 2686 1463 a
2709 1414 2876 1463 facie-

877 1482 977 1529 bus
1001 1482 1155 1541 suis„
1174 1517 1188 1532 .
1208 1518 1221 1531 .
1241 1496 1334 1531 ‚ne
1358 1479 1497 1531 forte
1520 1494 1718 1531 exuam
1742 1496 1862 1530 eam
1887 1481 2103 1541 nudam,
2128 1490 2182 1530 et
2205 1482 2394 1531 sistam
2419 1496 2540 1529 eam
2567 1479 2874 1529 secundum

876 1546 1019 1595 diem
1055 1546 1169 1609 pari
1197 1546 1333 1608 ejus,
1354 1543 1415 1595 'et
1444 1560 1644 1609 ponam
1681 1562 1800 1595 eam
1837 1547 1974 1595 sicut
2006 1546 2296 1605 desertum,
2332 1556 2385 1595 et
2419 1545 2709 1608 disponam
2747 1558 2872 1594 eam

876 1612 1015 1661 sicut
1036 1620 1239 1661 terram
1258 1612 1539 1671 ariditatis,
1562 1621 1619 1662 et
1640 1612 1880 1661 occidam
1903 1626 2024 1661 eam
2048 1626 2144 1675 per
2165 1612 2310 1661 sitim
2325 1610 2354 1631 ”
2378 1611 2451 1673 (ii.
2478 1623 2523 1673 2,
2549 1610 2631 1673 3):

613 1754 783 1817 haec
822 1753 909 1817 de
946 1751 1237 1817 ecclesia
1269 1773 1443 1835 quae
1479 1752 1862 1816 falsificavit
1897 1774 2057 1817 vera
2088 1752 2342 1829 Verbi3
2393 1758 2675 1816 “mater
2691 1752 2724 1777 ”
2757 1760 2870 1815 est

614 1847 923 1921 ecclesia,
957 1856 1031 1910 et
1068 1848 1585 1910 “scortationes
1604 1846 1637 1871 ’'
1667 1856 1827 1911 sunt
1860 1844 2368 1911 falsificationes
2405 1848 2584 1910 veri:
2633 1846 2868 1928 depri-

613 1956 774 2005 vare
810 1942 999 2005 illam
1032 1942 1217 2004 omni
1247 1960 1413 2004 vero
1449 1943 1623 2004 sicut
1662 1941 1786 2003 suit·
1817 1951 2189 2023 antequam
2227 1941 2613 2016 reformata,
2646 1942 2870 2023 signi-

617 2035 857 2099 ficatur
903 2056 1023 2118 per
1071 2040 1382 2099 “exuere
1428 2034 1742 2111 nudam,”
1787 2045 1858 2098 et
1909 2038 2207 2099 “sistere
2251 2036 2440 2099 illam
2487 2037 2868 2100 secundum

614 2132 805 2195 diem·
854 2132 995 2213 pari
1054 2129 1196 2211 ejus
1220 2129 1275 2191 :’'
1342 2129 1633 2195 ecclesia
1691 2130 1948 2213 absque
2013 2130 2196 2193 bono
2264 2130 2688 2213 significatur
2745 2150 2870 2213 per

618 2226 1022 2289 “desertum
1040 2223 1071 2249 ’⁹
1109 2234 1179 2287 et
1222 2229 1535 2287 “terram
1574 2224 1974 2298 ariditati5,'’
2011 2234 2081 2288 et
2127 2224 2511 2311 deprivatio
2555 2228 2696 2288 veri
2741 2238 2876 2307 pert

618 2319 988 2383 “occidere
1020 2319 1133 2381 siti
1158 2316 1211 2395 ;‘’
1254 2317 1508 2381 “sitis'’
1541 2319 1790 2381 dicitur
1821 2319 1908 2381 de
1942 2320 2141 2393 veriS,
2177 2321 2334 2401 quia
2375 2324 2608 2401 “aqua
2625 2320 2656 2345 ’⁹
2687 2338 2867 2401 quae

612 2414 841 2477 sititur
886 2422 992 2477 est
1039 2407 1314 2491 ver’um;
1362 2422 1433 2477 et
1477 2413 1815 2477 “ariditas
1833 2412 1863 2437 ”
1908 2414 2155 2477 dieitur
2193 2414 2280 2479 de
2325 2414 2630 2477 carentia
2675 2414 2862 2489 boni,

614 2508 772 2590 quia
806 2528 899 2570 ex
935 2508 1322 2570 adustione.
1414 2506 1621 2589 Apud
1663 2509 1976 2584 eundem,

714 2642 743 2663 ‘⁸
758 2639 857 2690 Ille
898 2638 1038 2689 inter
1076 2639 1271 2689 fratres
1310 2639 1465 2689 ferox
1502 2648 1601 2699 est,
1637 2641 1822 2691 veniet
1859 2654 2020 2691 eurus
2053 2650 2250 2691 ventus
2282 2640 2536 2705 Jehovae,
2569 2656 2609 2690 a
2646 2642 2865 2691 deserto

875 2706 1192 2765 ascendens,
1222 2716 1276 2755 et
1310 2714 1585 2755 exarescet
1619 2706 1890 2769 scaturigo
1924 2706 2058 2769 ejus,
2087 2718 2141 2757 et
2167 2707 2518 2756 exsiccabitur
2545 2708 2672 2757 fons
2701 2708 2819 2770 ejus
2833 2705 2864 2727 ”

874 2770 1003 2833 (xiii.
1032 2769 1141 2833 15):

613 2900 784 2963 haec
818 2900 907 2963 de
938 2898 1335 2983 EphraimO,
1364 2920 1485 2982 per
1516 2920 1717 2983 quem
1751 2900 2160 2983 intelligitur
2189 2900 2860 2981 intellectusVerbh

614 2996 727 3077 qui
786 2996 1022 3058 “inter
1072 2994 1315 3058 fratres
1372 2994 1568 3058 ferox
1586 2994 1617 3020 ”
1671 2996 1936 3071 dicitur,
1993 2996 2269 3078 quando
2325 2996 2498 3060 falsa
2555 2998 2864 3060 animose

616 3088 941 3165 defendit,
998 3108 1077 3151 ac
1138 3108 1261 3171 pro
1318 3088 1451 3151 illis
1509 3098 1753 3152 contra
1805 3110 1966 3153 vera
2025 3100 2327 3172 pugnat:
2390 3110 2511 3172 per
2571 3098 2863 3153 “eurum

613 3192 896 3245 ventum
941 3181 1295 3264 Jehovae”
1336 3180 1760 3264 significatur
1803 3184 2006 3246 ardor
2049 3185 2445 3265 cupiditatis
2489 3204 2584 3248 ex
2630 3204 2864 3249 amore

614 3284 687 3340 et
719 3276 896 3340 fastu
928 3278 1325 3341 destruendi
1357 3296 1558 3355 vera;
1606 3278 1718 3361 qui
1749 3282 1788 3311 ‘⁸
1809 3296 1898 3341 ex
1931 3277 2210 3341 deserto
2240 3280 2610 3342 ascendere
2627 3278 2662 3305 '⁹
2691 3280 2864 3343 dici-

616 3382 748 3448 tur,
794 3372 1070 3454 quando
1112 3390 1203 3435 ex
1251 3368 1609 3434 intellectu
1656 3372 1722 3434 in
1768 3391 1903 3454 quo
1949 3392 2082 3435 non
2132 3382 2291 3436 sunt
2336 3392 2498 3435 vera
2541 3394 2633 3436 ex
2681 3375 2865 3437 bono

616 3466 737 3529 sed
782 3464 954 3528 falsa
999 3486 1089 3529 ex
1136 3466 1361 3545 ma103
1408 3465 1568 3529 talis
1614 3464 2006 3529 intellectus
2053 3477 2160 3530 est
2201 3467 2672 3542 “desertum‚''
2709 3470 2863 3551 quia

614 3561 835 3623 inanis
872 3570 942 3624 et
982 3578 1273 3623 vacuus:
1323 3560 1504 3642 quod
1543 3580 1633 3624 ex
1680 3560 1922 3624 ardore
1968 3568 2039 3623 et
2085 3561 2268 3624 fastu
2313 3561 2434 3624 illo
2470 3559 2864 3626 destruatur

616 3669 821 3719 omne
853 3652 1203 3719 doctrinae
1234 3666 1305 3719 et
1340 3674 1545 3718 omne
1566 3654 1800 3729 Verbi,
1828 3652 2249 3736 significatur
2273 3675 2394 3738 per
2415 3661 2456 3688 “
2475 3656 2862 3720 Exarescet

618 3752 967 3833 scaturigo
1004 3750 1144 3831 ejus
1189 3759 1258 3813 et
1308 3750 1772 3813 exsiccabitur
1812 3748 1962 3811 sons
2006 3748 2148 3830 ejus
2171 3749 2224 3827 ;”
2266 3752 2672 3833 “scaturigo
2689 3752 2720 3777 ’⁹
2754 3762 2861 3816 est

617 3842 948 3920 doctrina,
990 3854 1061 3909 et
1105 3842 1364 3908 “sons”
1402 3852 1509 3907 est
1549 3841 1876 3907 Verbum.
1967 3842 2176 3927 Apud
2215 3842 2496 3922 Joelem,

716 3987 845 4037 “Ad
890 3986 985 4046 Te,
1026 3986 1287 4052 Jehovah,
1328 3988 1503 4036 clamo
1528 4000 1541 4045 ς
1590 3986 1716 4051 quia
1760 3985 1903 4050 ignis
1943 3988 2175 4037 comedit
2214 3988 2516 4037 habitacula
2556 3988 2771 4048 deserti,
2812 3999 2865 4038 et

879 4052 1099 4103 flamma
1108 4052 1426 4115 deflagravit
1438 4066 1629 4101 omnes
1643 4054 1862 4103 arbores
1876 4054 1990 4115 agri
2011 4066 2023 4109 ;
2049 4054 2174 4117 quia
2189 4054 2394 4103 bestiae
2408 4055 2522 4115 agri
2539 4050 2864 4119 1¹1glocitavit

877 4118 1207 4246 aggi-egiwila
1226 4118 1481 4247 {effigiati
1506 4128 1633 4168 sunt
1656 4118 1755 4167 rivi
1779 4131 2053 4182 aquarum,
2072 4130 2126 4168 et
2150 4119 2290 4181 ignis
2309 4120 2542 4169 comedit
2563 4120 2864 4169 habitacula

622 4318 856 4401 “ignis
901 4318 1202 4382 comedit
1248 4316 1645 4381 habitacula
1689 4318 1964 4393 deserti,
2014 4326 2084 4382 et
2139 4318 2412 4381 flamma
2457 4318 2861 4402 deflagravit

618 4433 859 4477 omnes
918 4412 1195 4477 arbores
1253 4412 1459 4494 agri,”
1504 4410 1844 4495 significat
1891 4412 2072 4495 quod
2120 4433 2312 4477 amor
2357 4416 2457 4476 sui
2518 4425 2588 4477 et
2648 4415 2862 4477 fastus

617 4508 929 4589 propriae
967 4507 1469 4589 intelligentiae
1505 4508 2004 4589 consumpserit
2043 4527 2316 4570 omnem
2350 4508 2860 4590 perceptionem

618 4603 778 4665 boni
808 4610 883 4666 et
915 4620 1187 4666 omnem
1220 4598 1650 4665 intellectum
1675 4602 1814 4664 veri
1846 4598 2198 4665 doctrinae
2227 4622 2320 4665 ex
2351 4620 2559 4665 sensu
2587 4600 2858 4665 litterae
