3259 5384
957 683 1118 738 cn.
1154 686 1329 752 xlv„
1362 687 1572 740 vens.
1614 689 1830 740 1.—N.
1863 674 2114 760 85o[b].
2484 675 2648 758 2361

461 903 466 907 .
519 858 548 880 ‘⁸
563 855 758 908 Exulta
776 857 954 918 valde,
983 857 1092 909 lilia
1117 857 1334 920 Zionis;
1368 859 1574 924 clange,
1604 860 1717 911 filia
1744 859 2192 927 Hierosolymam
2234 875 2355 913 ecce
2386 855 2505 912 Rex
2530 849 2657 912 tuus

678 924 828 972 venit
851 925 963 984 tibi,
985 924 1162 987 justus
1185 934 1240 975 et
1263 936 1527 976 servator.
1549 963 1585 986 .,
1610 939 1927 978 mansuetus
1950 937 2005 978 et
2028 928 2275 991 equitans
2300 943 2461 992 super
2480 927 2655 987 asino,

675 997 730 1038 et
755 1002 916 1051 super
940 990 1085 1052 pullo
1109 989 1219 1040 filio
1242 991 1427 1042 asinae
1443 990 1472 1011 ”
1495 991 1585 1053 (ix.
1610 992 1693 1056 9):

426 1112 600 1194 quod
645 1111 816 1178 haec
863 1113 950 1178 de
999 1113 1298 1178 Domino
1343 1113 1526 1179 dicta
1570 1116 1731 1192 sint,
1779 1116 2000 1200 deque
2046 1116 2265 1200 Ipsius
2316 1134 2535 1199 regno
2586 1117 2656 1182 in

424 1207 624 1271 caelis
682 1217 756 1271 et
815 1209 885 1271 in
944 1210 1163 1285 terris,
1219 1207 1402 1292 quod
1453 1229 1741 1292 regnum
1795 1230 1915 1293 per
1971 1216 2011 1244 ‘⁶
2036 1210 2311 1275 Sionem
2327 1212 2357 1237 ”
2409 1223 2481 1276 et
2536 1225 2658 1295 ρει·

427 1301 1037 1384 “Hierosolymam
1053 1303 1084 1330 ”
1143 1304 1574 1387 intelligitur,
1640 1314 1836 1389 patet
1901 1306 2083 1390 apud
2149 1305 2654 1388 EvangelistaS,

424 1395 530 1462 ubi
566 1397 760 1474 haec,
800 1398 962 1462 dum
998 1397 1286 1482 impleta
1322 1409 1502 1475 sunt,
1543 1407 2031 1474 memorantur,

523 1531 1022 1650 'mnffiigffi
1045 1533 1794 1662 {220‘22¹,⁰÷⁸;„¹;²15r{‘33505333
1810 1531 2160 1650 {533⁰ae
2183 1535 2654 1663 Sirpffissgisstjliff

675 1664 960 1723 dicentem,
987 1661 1162 1714 Dicite
1187 1663 1325 1714 filiae
1351 1663 1550 1724 Zionis,
1575 1679 1699 1714 ecce
1727 1663 1843 1715 Rex
1866 1674 1988 1715 tuus
2013 1665 2110 1714 tibi
2138 1667 2299 1724 venit,
2326 1677 2656 1724 mansuetus,

677 1729 878 1780 sedens
911 1743 1075 1792 super
1105 1730 1278 1788 asino,
1314 1739 1369 1779 et
1403 1744 1564 1794 super
1597 1730 1745 1793 pullo
1780 1729 1891 1780 filio
1927 1730 2225 1794 subjugalis
2239 1730 2267 1750 ”
2302 1731 2519 1792 (Mutela.
2548 1731 2656 1780 xxi.

680 1789 782 1860 [1,]
804 1807 853 1855 a,
875 1807 924 1856 4,
951 1805 1010 1855 53
1049 1795 1176 1862 Joh.
1199 1796 1288 1846 xii.
1318 1807 1392 1856 1⁴·
1421 1797 1531 1856 15):

420 1924 598 2008 quod
640 1926 1004 2008 “equitare
1051 1945 1254 2008 super
1298 1928 1494 1990 asino
1539 1937 1610 1990 et
1658 1947 1860 2009 super
1904 1927 2094 2010 pullo
2138 1927 2369 1991 asinae
2390 1927 2422 1952 ”
2458 1927 2657 1992 fuerit

421 2020 683 2102 insigne
729 2021 931 2100 regis,
971 2030 1042 2085 et
1089 2021 1273 2103 quod
1320 2021 1477 2083 ideo
1523 2019 1861 2084 Dominus
1906 2023 2004 2084 ita
2049 2021 2457 2103 equitaverit
2502 2040 2658 2084 cum

421 2113 722 2178 intrabat
761 2113 1339 2196 Hierosolymam,
1379 2124 1451 2177 et
1491 2115 1674 2197 quod
1720 2115 1879 2179 ideo
1913 2135 1954 2177 a
1989 2115 2191 2178 turba
2226 2114 2658 2179 acclamante

420 2204 637 2272 dietus
687 2207 888 2272 fuerit
943 2207 1122 2284 Rex,
1177 2227 1256 2272 ac
1320 2210 1630 2272 termites
1685 2208 2065 2291 palmarum
2118 2219 2190 2272 et
2244 2210 2660 2274 vestimenta

420 2321 618 2384 super
653 2303 834 2367 viam
873 2321 1103 2366 coram
1145 2301 1306 2385 Ipso
1343 2312 1564 2366 strata
1600 2303 1847 2366 fuerint
1890 2302 2089 2384 [vers.
2129 2302 2307 2385 7-9]‚
2348 2303 2661 2367 videatur

401 2395 624 2478 'supra
667 2411 738 2469 (n.
765 2410 988 2475 31[o]);
1046 2404 1120 2458 et
1163 2395 1320 2477 quia
1367 2394 1706 2457 Dominus
1748 2404 1824 2458 ut
1871 2395 2029 2458 Rex
2074 2396 2357 2459 intravit
2405 2395 2658 2458 Hiero-

419 2488 779 2569 solymam,
812 2495 1092 2551 constat
1128 2485 1310 2568 quod
1347 2505 1469 2568 per
1503 2485 1841 2550 “Sionem
1859 2485 1891 2511 ”
1929 2486 2356 2568 intelligatur
2392 2486 2659 2550 caelum

417 2593 488 2647 et
524 2583 838 2658 ecclesia,
878 2584 944 2646 in
983 2583 1224 2666 quibus
1263 2580 1598 2644 Dominus
1645 2602 1766 2664 per
1803 2581 2123 2644 Divinum
2168 2601 2361 2644 suum
2398 2581 2661 2646 Verum

417 2688 685 2760 regnat.
774 2676 978 2759 Quod
1011 2696 1212 2760 reges
1239 2676 1548 2757 jehudae
1577 2687 1651 2740 et
1690 2675 1962 2740 Israelis
1994 2677 2661 2758 repraesentaverint

419 2772 790 2836 Dominum
815 2771 1038 2854 quoad
1066 2771 1386 2834 Divinum
1411 2769 1691 2846 Verum,
1714 2781 1787 2834 et
1812 2771 1995 2853 quod
2027 2771 2186 2834 inde
2218 2790 2336 2853 per
2360 2777 2399 2804 ‘⁴
2418 2789 2615 2852 reges
2630 2770 2663 2796 ’'

416 2867 896 2950 intelligantur
931 2867 1044 2950 qui
1088 2868 1156 2929 in
1196 2867 1374 2929 veris
1411 2885 1502 2928 ex
1549 2865 1736 2929 bono
1778 2886 1819 2928 a
1868 2865 2167 2928 Domino
2206 2875 2386 2939 sunt,
2428 2866 2659 2928 videa-

417 2969 530 3023 tur
565 2979 772 3040 supra
803 2972 876 3034 (n.
903 2973 999 3038 31,
1027 2972 1058 3039 5
1071 2957 1380 3038 53,625);
1432 2965 1505 3020 et
1547 2956 1735 3039 quod
1778 2957 2109 3038 imprimis
2153 2975 2275 3038 per
2320 2956 2662 3019 Davidem

416 3052 484 3112 in
527 3050 762 3114 Verbo
805 3059 1322 3132 representatus
1366 3050 1457 3112 sit
1506 3047 1843 3112 Dominus
1880 3049 2108 3130 quoad
2155 3049 2438 3129 regium,
2478 3048 2663 3130 quod

419 3151 526 3206 est
567 3142 892 3205 Divinum
924 3139 1188 3206 Verum
1227 3155 1488 3222 (n.205).

543 3229 672 3314 [b.]
735 3231 947 3313 Apud
982 3229 1296 3306 Esaiam,

517 3366 732 3429 “Super
758 3375 999 3414 montem
1033 3365 1204 3414 altum
1238 3363 1470 3413 ascende
1505 3362 1617 3421 tibi,
1647 3360 2065 3424 evangelizatrix
2101 3361 2228 3413 Sion
2252 3373 2265 3420 ς
2308 3360 2509 3410 extolle
2542 3374 2665 3410 cum

681 3431 876 3480 virtute
892 3443 1079 3479 vocem
1098 3438 1260 3488 tuam,
1274 3428 1690 3491 evangelizati-ix
1710 3426 2098 3490 Hierosolyma
2116 3441 2127 3485 ;
2158 3423 2369 3484 extolle,
2386 3440 2484 3475 nec
2501 3426 2629 3474 time
2652 3440 2665 3484 ;

681 3497 766 3545 dic
793 3495 1012 3545 urbibus
1036 3494 1292 3559 Jehudae‚
1321 3493 1456 3542 Ecce
1488 3493 1635 3542 Deus
1659 3501 1871 3551 vestem
1906 3505 2030 3540 ecce
2056 3491 2323 3540 Dominus
2347 3489 2579 3556 Jehovih
2608 3490 2663 3539 in

681 3561 810 3611 forti
835 3561 982 3611 venit
995 3559 1026 3580 ”
1047 3561 1140 3622 (xl.
1164 3575 1212 3624 9,
1242 3559 1354 3620 10):

417 3685 741 3770 quoniam
779 3684 949 3748 haec
989 3683 1076 3746 de
1123 3682 1446 3757 Domin0,
1487 3681 1708 3762 deque
1746 3679 1969 3760 Ipsius
2007 3697 2222 3760 regno
2260 3675 2441 3741 difta
2480 3685 2663 3754 sunt,

417 3791 492 3844 et
545 3799 668 3862 per
715 3775 1108 3841 “Zionem”
1161 3785 1234 3840 et
1289 3795 1410 3858 per
1468 3772 2086 3853 “Hierosolymam
2104 3772 2135 3796 ’'
2188 3771 2353 3835 illud
2408 3770 2665 3854 signifi-

419 3883 638 3950 catur,
677 3871 834 3936 ideo
870 3873 1117 3935 dicitur
1153 3870 1334 3954 quod
1383 3868 1554 3932 Zion
1601 3877 1673 3932 et
1725 3864 2211 3948 Hierosolyma
2247 3864 2412 3929 illud
2454 3885 2665 3930 evan·

418 3968 821 4052 gelizarent,
880 3965 1110 4029 “Zion
1131 3965 1164 3992 ’'
1216 3985 1307 4028 ex
1369 3965 1554 4027 bono
1612 3963 1886 4036 amoriS,
1949 3971 2020 4024 et
2079 3960 2619 4042 “Hierosolyma
2634 3959 2667 3985 ”

419 4085 513 4127 ex
548 4063 727 4126 veris
765 4057 1159 4137 doctrinam
1214 4057 1719 4139 evangelizatio
1754 4076 1847 4118 ex
1893 4055 2077 4118 bono
2122 4054 2371 4117 amoris
2408 4052 2663 4135 signifi·

419 4167 617 4222 catur
641 4176 762 4239 per
789 4162 830 4189 ‘⁸
854 4155 1228 4220 ascendere
1252 4161 1564 4216 montem
1589 4147 1869 4226 altum‚'’
1892 4159 1965 4212 et
1996 4169 2087 4212 ex
2114 4148 2289 4212 veris
2314 4145 2666 4211 doctrinae

419 4274 539 4335 per
575 4249 974 4316 “extollere
1014 4269 1168 4312 cum
1207 4249 1461 4311 virtute
1493 4264 1737 4309 vocem
1764 4243 1817 4323 ;”
1866 4265 1984 4326 per
2020 4243 2277 4306 “urbes
2310 4239 2667 4323 Jehudae”

418 4344 843 4430 significatur
888 4340 1200 4407 doctrina
1245 4341 1496 4404 amoris
1542 4340 1611 4402 in
1669 4339 2041 4402 Dominum
2088 4347 2159 4400 et
2206 4337 2456 4399 amoris
2501 4354 2669 4417 erga

419 4443 809 4522 proximum
863 4441 931 4502 in
985 4447 1143 4502 toto
1195 4435 1607 4518 complexu3
1673 4432 2009 4497 Dominus
2062 4431 2286 4514 quoad
2344 4429 2664 4492 Divinum

421 4535 702 4612 Verum,
730 4544 801 4599 et
827 4533 1052 4618 quoad
1087 4531 1407 4596 Divinum
1435 4529 1724 4602 Bonum,
1754 4527 1867 4610 qui
1894 4535 2221 4591 venturus
2247 4533 2319 4588 et
2337 4510 2663 4605 judicium

419 4629 734 4706 facturus,
759 4627 1166 4711 intelligitur
1197 4645 1318 4710 per
1344 4630 1384 4657 ‘⁶
1403 4623 1587 4687 Ecce
1623 4622 1813 4686 Deus
1844 4630 2097 4696 vester,
2125 4638 2288 4690 ecce
2322 4617 2660 4681 Dominus
