3259 5384
657 652 822 734 1960
1269 666 1771 720 APOCALYPSm
1818 667 2267 721 EXPLICATA.

913 837 968 888 in
997 837 1176 888 medio
1205 837 1488 890 fluviorum
1517 853 1773 896 suorum:
1808 841 1898 904 qui
1924 839 2074 898 dixit.
2104 837 2261 890 Meus
2290 839 2485 890 fluvius
2514 855 2683 900 meus,
2704 851 2762 892 et
2786 855 2887 905 ego

911 901 1014 952 ieci
1038 903 1170 953 me”
1193 904 1354 966 (xxix.
1381 917 1427 966 3,
1449 918 1513 966 43
1547 920 1663 968 cap.
1688 905 1851 956 xxxii.
1877 909 1959 968 2):

649 1012 1054 1091 describitur
1092 1027 1202 1091 hic
1239 1027 1454 1092 fastus
1493 1029 1804 1112 propriae
1835 1028 2359 1111 intelligentiae,
2395 1029 2507 1113 qui
2538 1039 2648 1095 est
2687 1039 2886 1093 natu-

648 1119 774 1184 rali
819 1131 891 1186 et
937 1121 1233 1186 sensuali
1273 1122 1571 1199 homini;
1623 1123 1948 1188 “Pharao
1992 1144 2117 1187 rex
2157 1122 2514 1206 Aegypti”
2546 1122 2885 1206 significat

651 1215 1037 1278 naturalem
1083 1225 1156 1280 et
1201 1217 1587 1280 sensualem
1633 1216 2025 1295 hominem3
2076 1217 2389 1281 “draco”
2420 1239 2538 1281 seu
2588 1215 2889 1281 “cetus'’

649 1309 942 1373 eundem
974 1311 1197 1391 quoad
1231 1309 1605 1374 scientifica
1644 1331 1817 1394 quae
1848 1311 2023 1375 falsa
2058 1331 2179 1376 seu
2210 1311 2566 1375 falsificata
2598 1321 2759 1375 sunt
2795 1331 2888 1374 ex

646 1400 827 1464 fastu
865 1402 1181 1484 propriae
1215 1401 1749 1484 intelligentiae.
1834 1419 1956 1479 (Sed
1982 1420 2103 1465 haec
2130 1433 2291 1478 supra,
2320 1433 2367 1467 n.
2404 1418 2625 1485 5Ι3[σ].
2652 1419 2890 1478 explicata

646 1506 936 1568 videantur.)
1021 1490 1232 1573 Apud
1267 1491 1524 1569 Mosen,

748 1619 876 1672 “De
908 1621 1020 1672 vite
1055 1622 1324 1672 Sodomae
1357 1623 1484 1672 vitis
1519 1637 1725 1682 eorum,
1762 1632 1817 1674 et
1848 1623 1917 1674 de
1952 1619 2149 1686 [flagris
2185 1622 2553 1680 Gomorrhae:
2596 1637 2737 1673 uvae
2770 1622 2888 1686 ejus

911 1702 1048 1738 uvae
1073 1688 1230 1748 fellis,
1251 1689 1390 1738 botri
1414 1689 1832 1738 amaritudinum
1860 1685 2053 1748 millis:
2088 1705 2358 1740 venenum
2383 1690 2677 1738 draconum
2704 1689 2887 1738 vinum

910 1767 1112 1814 eorum,
1137 1763 1192 1804 et
1213 1753 1287 1803 fel
1309 1752 1555 1818 aspidum
1581 1754 1797 1804 crudele
1809 1752 1839 1774 ”
1858 1755 2063 1817 (Deutr.
2088 1755 2249 1804 xxxii.
2276 1767 2353 1815 32,
2381 1761 2491 1815 33):

650 1884 740 1946 de
794 1882 902 1947 his
943 1882 1264 1947 videatur
1313 1903 1520 1966 supra
1571 1905 1643 1959 (n.
1679 1898 1921 1966 51991).
1968 1885 2080 1948 ubi
2132 1885 2485 1967 explicata
2536 1894 2739 1963 sunt;
2797 1884 2887 1949 ibi

650 1978 861 2040 etiam
894 1977 1074 2059 quod
1111 1978 1401 2040 “vinum
1439 1977 1733 2050 eorum,”
1765 1978 1947 2060 quod
1979 1989 2264 2041 vocatur
2299 1983 2696 2040 “venenum
2732 1978 2885 2041 dra-

653 2072 962 2148 conum,”
993 2081 1066 2136 et
1109 2071 1252 2136 “fel
1289 2073 1601 2155 aspidum
1635 2071 1969 2147 crudele,”
2004 2069 2395 2154 t²⁴¹significet
2435 2073 2615 2154 quod
2655 2091 2887 2135 verum

650 2165 986 2230 ecclesiae
1045 2168 1224 2248 apud
1279 2178 1596 2250 posteros
1646 2165 1883 2248 Jacobi
1945 2176 2129 2229 esset
2183 2176 2571 2239 externum,
2626 2167 2693 2228 in
2755 2186 2888 2249 quo

649 2261 932 2323 interius
965 2260 1148 2324 mala
1179 2271 1250 2324 et
1281 2260 1451 2324 salsa
1483 2260 1874 2324 infernalia:
1928 2260 2317 2323 “dracones
2335 2259 2365 2282 ”
2398 2270 2470 2322 et
2507 2266 2545 2292 “
2568 2259 2839 2341 aspides
2855 2257 2886 2283 ’⁹

651 2353 1039 2436 significant
1079 2354 1439 2430 sensualia,
1480 2375 1657 2438 quae
1702 2353 1944 2417 ultima
1989 2354 2318 2417 naturalis
2357 2353 2649 2417 hominis
2688 2353 2890 2435 plena

651 2449 960 2512 nefandis
998 2448 1194 2514 malis
1231 2460 1305 2514 et
1341 2471 1424 2514 ea
1461 2447 2021 2513 confirmantibus
2060 2447 2284 2526 falsis;
2340 2468 2545 2511 causa
2590 2459 2697 2511 est
2736 2450 2889 2530 quia

653 2542 966 2607 naturale
1011 2542 1180 2610 nihil
1226 2545 1465 2626 recipit
1497 2563 1623 2627 per
1661 2541 2083 2626 spiritualem
2122 2553 2427 2605 mentem
2472 2563 2515 2605 a
2552 2540 2887 2618 Domino;

652 2658 860 2720 quare
897 2640 1079 2721 quod
1117 2640 1379 2722 recipit,
1419 2649 1526 2702 est
1565 2659 1657 2702 ex
1695 2637 1977 2700 inferno·

779 2729 918 2813 [ὦ]
983 2729 1188 2812 Quod
1241 2751 1361 2812 per
1407 2729 1889 2794 “draconem”
1934 2729 2105 2792 talia
2153 2749 2329 2812 quae
2380 2748 2583 2810 supra
2628 2747 2889 2792 memo-

652 2831 804 2884 rata
835 2833 1018 2899 sunt,
1045 2822 1531 2904 significentur,
1561 2823 1825 2905 plenius
1858 2831 2177 2885 constare
2210 2831 2443 2903 potest
2476 2841 2567 2884 ex
2601 2841 2889 2903 sequen-

654 2917 837 2980 tibus
905 2917 971 2994 in
1037 2918 1170 2982 hoc
1236 2919 1484 3000 capite,
1554 2935 1800 2998 nempe
1867 2935 1958 2979 ex
2027 2915 2167 2998 ejus
2232 2915 2585 2978 inimicitia
2649 2926 2893 2978 contra

653 3010 1006 3074 mulierem
1061 3013 1432 3093 parituram
1485 3021 1558 3075 et
1613 3011 1997 3092 fugientem
2045 3011 2113 3072 in
2169 3009 2537 3085 desertum,
2594 3019 2742 3072 tum
2802 3030 2892 3072 ex

653 3126 883 3189 pugna
936 3106 1078 3189 ejus
1131 3125 1282 3169 cum
1333 3105 1711 3183 Michaele;
1774 3115 1845 3168 et
1900 3126 2102 3187 porro
2155 3107 2223 3167 in
2278 3123 2425 3186 cap.
2476 3105 2613 3166 xvi.
2670 3119 2891 3184 13-15,

653 3220 800 3282 cap.
843 3221 964 3263 xx.
1007 3217 1067 3276 2,
1115 3215 1176 3281 7,
1225 3202 1284 3276 8,
1341 3216 1437 3276 10,
1494 3217 1588 3279 14,
1638 3199 1750 3263 ubi
1795 3200 2042 3263 dicitur
2086 3200 2173 3263 de
2218 3219 2303 3262 eo
2349 3198 2529 3281 quod
2572 3195 2895 3261 “vinctus

653 3296 744 3356 sit
785 3293 975 3358 mille
1019 3296 1236 3370 annis,
1277 3304 1349 3358 et
1395 3305 1762 3377 postquam
1801 3293 2067 3356 solutus
2106 3293 2397 3355 exiverit
2436 3291 2521 3354 ad
2561 3292 2892 3355 seducen-

655 3389 818 3450 dum
872 3397 1143 3470 genteS,
1191 3397 1265 3452 et
1317 3389 1405 3452 ad
1451 3388 2013 3470 congregandum
2062 3385 2335 3468 Gogum
2388 3395 2461 3450 et
2516 3385 2893 3467 Magogum

649 3483 724 3548 in
769 3481 1023 3545 bellum
1071 3492 1314 3546 contra
1358 3479 1693 3559 sanctos?
1738 3493 1811 3547 at
1846 3481 2027 3564 quod
2060 3487 2366 3563 “postea
2411 3477 2760 3560 conjectus
2806 3481 2893 3542 sit

654 3579 722 3640 in
755 3586 1078 3659 stagnum
1105 3577 1280 3658 ignis
1313 3585 1384 3640 et
1417 3574 1756 3658 sulphuris
1785 3596 1801 3652 ;
1848 3595 1939 3656 ex
1971 3574 2212 3658 quibus
2237 3573 2551 3637 omnibus
2576 3583 2893 3636 constare

654 3678 889 3753 potest
944 3669 1127 3752 quod
1187 3689 1307 3750 per
1365 3665 1839 3731 “draconem''
1892 3665 2371 3748 intelligantur
2430 3663 2526 3728 illi
2585 3665 2698 3746 qui
2760 3684 2894 3727 non

651 3762 931 3846 'aliquod
965 3763 1219 3825 bonum
1252 3761 1610 3826 charitatis
1648 3770 1721 3824 et
1758 3761 2009 3824 amoris
2048 3760 2426 3842 possident,
2461 3778 2554 3822 ex
2592 3779 2675 3822 eo
2704 3758 2894 3840 ‘quod

653 3859 721 3920 id
777 3877 915 3920 non
968 3858 1378 3938 agnoverint
1433 3865 1506 3919 ut
1561 3853 1836 3938 aliquod
1894 3854 2189 3917 medium
2238 3855 2611 3916 inserviens
2664 3853 2891 3928 saluti,

655 3951 776 4014 sed
802 3949 1078 4033 aliquod
1105 3949 1550 4013 scientificum
1577 3949 1760 4032 quod
1792 3969 1884 4012 ex
1910 3949 2348 4031 persuasione
2369 3956 2622 4010 vocant
2650 3946 2890 4009 fidem:

655 4053 728 4106 et
774 4061 930 4106 cum
975 4043 1228 4105 bonum
1273 4040 1632 4106 charitatis
1678 4051 1750 4120 et
1796 4041 2047 4104 amoris
2094 4058 2231 4102 non
2277 4060 2369 4102 ex
2415 4039 2558 4102 vita
2600 4038 2894 4102 hominis

653 4137 1144 4220 implantatum
1180 4146 1324 4212 est,
1349 4146 1478 4200 est·
1504 4134 1759 4199 malum
1798 4134 1953 4215 loco
1998 4133 2185 4215 ejus3
2240 4144 2312 4196 et
2360 4133 2470 4196 ubi
2510 4132 2765 4197 malum
2804 4132 2896 4196 ibi

653 4232 918 4295 falsum.
1011 4229 1352 4314 Quoniam
1385 4251 1507 4313 per
1533 4235 1947 4313 “serpentes
1964 4227 1995 4253 ’³
2027 4227 2497 4312 significantur
2529 4226 2889 4298 sensualia,

654 4346 829 4408 quae
865 4325 1108 4389 ultima
1144 4323 1472 4388 naturalis
1509 4323 1804 4386 hominis
1842 4331 2023 4396 sunt,
2065 4331 2137 4385 et
2168 4319 2300 4384 ³illa
2338 4340 2474 4384 non
2514 4329 2673 4384 sunt
2712 4319 2894 4383 mala

653 4421 782 4484 nisi
813 4420 994 4502 apud
1029 4419 1188 4483 illos
1223 4420 1337 4503 qui
1369 4416 1529 4482 mali
1566 4427 1749 4492 sunt,
1783 4425 1855 4480 et
1893 4417 2051 4499 quia
2081 4416 2415 4479 dracones
2446 4415 2691 4478 eadem
2724 4433 2895 4478 voce

653 4515 721 4578 in
769 4514 1002 4596 lingua
1059 4513 1378 4578 Hebraea
1423 4513 1863 4576 nominantur
1908 4531 2041 4593 qua
2086 4519 2442 4591 serpentes
2496 4527 2635 4571 non
2682 4527 2895 4572 vene·

655 4611 823 4688 nati,
863 4610 1020 4674 inde
1067 4619 1196 4686 est,
1235 4608 1417 4691 quod
1464 4627 1585 4691 per
1626 4604 2082 4700 “dl'sacssssessl'
2119 4624 2275 4671 cum
2322 4625 2439 4688 per
2484 4602 2640 4668 illos
2684 4602 2895 4668 intel-
