3259 5384
1014 685 1176 738 car.
1210 685 1394 749 xm„
1426 683 1636 736 vans,
1667 683 1889 736 2.—-N.
1917 671 2063 754 783.
2488 669 2653 751 2187

389 853 591 938 apud
632 853 912 932 Lucam,

646 986 683 1008 «ι
701 982 855 1034 Haec
879 991 1064 1034 vau-⁸
1088 992 1172 1034 est
1196 981 1347 1042 hora,
1373 992 1429 1032 et
1459 991 1700 1046 potestas
1728 982 2070 1033 tenebrarum
2087 979 2117 1002 ”
2140 979 2285 1044 (ffli-
2311 980 2428 1043 53);

391 1153 469 1210 et
517 1145 699 1210 alibi
744 1145 1013 1228 pluries.
1101 1141 1517 1228 SupradiEtis
1568 1143 1958 1208 addendum
2003 1153 2111 1208 est
2157 1142 2338 1226 quod
2387 1142 2658 1224 spiritus

394 1239 789 1304 infernales
824 1260 896 1303 se
932 1239 1216 1304 credant
1247 1239 1511 1303 validos
1546 1248 1617 1302 et
1655 1247 1978 1322 potentes
2014 1256 2173 1320 prae
2209 1237 2498 1321 reliquis,
2537 1237 2659 1300 sed

394 1330 539 1394 hoc
579 1351 687 1394 ex
724 1351 931 1394 causa
964 1331 1123 1413 quia
1156 1330 1397 1394 valent
1430 1340 1676 1394 contra
1708 1329 1866 1394 illos
1901 1329 2014 1412 qui
2054 1329 2122 1393 in
2157 1329 2358 1392 malis
2392 1336 2465 1392 et
2499 1328 2660 1390 inde

392 1422 605 1486 falsis
632 1433 826 1498 sunt,
844 1425 939 1486 ita
963 1422 1311 1486 infernalis
1334 1423 1610 1505 spiritus
1633 1432 1880 1487 contra
1900 1421 2300 1486 infernalem
2325 1421 2658 1504 spiritum,

400 1535 533 1580 seu
567 1517 841 1580 malum
886 1537 1007 1599 per
1048 1516 1293 1580 salsum
1328 1525 1574 1580 contra
1616 1516 1871 1579 malum
1917 1535 2037 1598 per
2078 1514 2362 1593 salsum;
2407 1535 2498 1578 ex
2540 1513 2662 1578 illa

397 1611 833 1690 apparentia
862 1619 993 1684 est,
1015 1610 1199 1692 quod
1226 1609 1512 1672 credant
1540 1629 1613 1672 se
1642 1617 2006 1691 potentes:
2045 1608 2167 1672 sed
2199 1609 2514 1690 potentia
2541 1606 2661 1670 illa

396 1703 811 1784 comparari
854 1711 1088 1786 potest
1140 1703 1446 1784 myricae
1490 1712 1738 1766 contra
1780 1702 2132 1783 myricam,
2169 1701 2374 1784 pulici
2417 1711 2662 1765 contra

402 1796 754 1878 pulicem,
783 1795 1044 1877 pulveri
1068 1806 1311 1860 contra
1335 1795 1713 1878 pulverem,
1737 1804 1808 1858 et
1833 1795 2074 1877 paleae
2097 1802 2342 1858 contra
2365 1793 2659 1877 paleam,

404 1907 725 1970 quorum
778 1889 1093 1970 potentia
1154 1897 1263 1952 est
1317 1889 1611 1953 relativa
1679 1888 1766 1952 ad
1829 1907 2064 1951 eorum
2129 1897 2401 1951 mutuas
2461 1888 2660 1951 vires,

402 1983 736 2046 Accedit
782 1985 963 2066 quod
1016 1983 1293 2066 spiritus
1343 1983 1714 2046 infernales
1757 1983 1988 2046 animo
2031 1983 2199 2046 elati
2249 1983 2409 2057 sint,
2455 1992 2525 2046 et
2570 2002 2662 2045 ex

398 2077 771 2141 levissima
794 2096 1005 2141 causa
1025 2077 1243 2140 velint
1264 2077 1551 2154 robusti,
1572 2078 1789 2141 sortes
1812 2085 1884 2141 et
1908 2077 2152 2140 heroes
2177 2077 2412 2140 audiri.
2486 2076 2664 2158 Quia

398 2170 513 2235 hic
553 2171 803 2252 agitur
844 2171 929 2233 de
961 2173 1278 2254 potentia
1315 2181 1387 2234 et
1423 2173 1509 2235 de
1540 2181 1895 2253 potestate
1932 2190 2188 2252 magna
2219 2189 2423 2254 quam
2455 2171 2664 2235 draco

399 2282 497 2327 ex
534 2283 619 2328 se
662 2265 858 2327 dedit
899 2264 1165 2327 bestiae
1201 2285 1291 2327 ex
1329 2265 1495 2328 mari
1526 2264 1954 2339 ascendenti,
1987 2273 2059 2327 et
2094 2263 2253 2327 inde
2290 2266 2376 2327 de
2412 2273 2661 2346 poten·

398 2356 505 2420 tia
541 2357 917 2438 spirituum
966 2355 1393 2420 infernalium
1439 2357 1619 2420 inter
1653 2377 1749 2432 se,
1781 2355 1991 2419 velim
2026 2355 2254 2439 aliqua
2289 2375 2541 2419 arcana
2575 2355 2662 2419 de

400 2449 691 2513 artibus
725 2449 996 2513 illorum
1034 2450 1485 2532 comparandi
1521 2449 1649 2513 sibi
1684 2450 2035 2532 potentias
2072 2451 2137 2511 in
2175 2450 2432 2512 mundo
2467 2450 2663 2532 spiri-

404 2542 594 2606 tuali
655 2542 1009 2624 detegere.
1098 2541 1398 2624 Quidam
1454 2551 1865 2624 comparant
1926 2541 2055 2606 sibi
2113 2545 2500 2624 potentiam
2545 2563 2666 2626 per

400 2636 739 2702 Verbum
765 2658 780 2716 ;
826 2647 1077 2700 norunt
1103 2639 1286 2702 enim
1311 2637 1543 2720 aliqua
1572 2637 1728 2701 loca
1752 2637 1932 2712 inde,
1955 2647 2026 2700 et
2049 2636 2170 2700 illa
2191 2638 2662 2720 pronuntiant,

406 2751 503 2794 ex
540 2731 803 2814 quibus
833 2730 907 2794 fit
942 2730 1080 2793 illis
1114 2732 1653 2794 communicatio
1688 2750 1842 2794 cum
1879 2730 2300 2813 simplicibus
2335 2730 2555 2805 bonis,
2593 2739 2665 2794 et

406 2824 577 2889 inde
630 2843 790 2888 cum
833 2823 971 2886 illis
1007 2823 1399 2905 conjunctio
1438 2826 1665 2906 quoad
1711 2834 2045 2902 externa3
2103 2832 2176 2888 et
2220 2833 2553 2906 quantum
2596 2824 2664 2886 in

408 2919 540 2983 illa
588 2917 1081 2998 conjunctione
1124 2927 1307 2993 sunt,
1354 2927 1628 2981 tantum
1671 2917 1912 2981 valent
1955 2937 2158 3000 super
2199 2918 2412 2981 alios:
2458 2937 2664 2980 causa

408 3021 549 3088 est,
586 3011 752 3094 quia
783 3011 1013 3072 omnia
1044 3009 1257 3074 Verbi
1294 3019 1453 3073 sunt
1485 3030 1670 3085 vera,
1707 3019 1780 3074 et
1817 3011 1994 3073 veris
2025 3020 2130 3074 est
2162 3012 2382 3073 omnis
2414 3020 2662 3092 poten-

407 3107 537 3182 tia,
578 3114 662 3169 et
709 3103 1057 3186 simplices
1094 3104 1254 3166 boni
1284 3105 1353 3167 in
1388 3105 1567 3167 veris
1602 3114 1806 3181 sunt;
1844 3103 2024 3168 unde
2056 3124 2147 3167 ex
2179 3103 2660 3185 conjunctione

406 3219 573 3264 cum
629 3197 772 3261 illis
823 3207 931 3261 est
986 3198 1324 3279 potentia,
1370 3197 1491 3262 sed
1544 3197 1868 3280 quamdiu
1911 3198 1980 3261 in
2023 3197 2503 3279 conjunctione
2546 3199 2666 3263 illa

406 3302 607 3368 sunt,
658 3311 833 3374 quae
878 3301 1113 3354 tamen
1163 3310 1301 3354 non
1350 3291 1464 3354 diu
1507 3299 1798 3372 perstat,
1845 3290 2003 3373 quia
2045 3311 2086 3354 a
2129 3290 2430 3354 Domino
2474 3292 2664 3355 brevi

410 3393 582 3468 post
658 3383 749 3445 ab
810 3384 1103 3446 invicem
1170 3393 1595 3466 separantur.
1694 3382 1994 3464 Quidam
2057 3393 2466 3466 comparant
2535 3385 2665 3448 sibi

409 3477 815 3561 potentiam
862 3496 983 3559 per
1025 3477 1382 3540 simulatas
1438 3474 1836 3539 afsefitiones
1885 3475 2048 3539 boni
2091 3484 2163 3539 et
2207 3478 2370 3552 veri,
2409 3497 2664 3559 perque

410 3570 824 3636 affectiones
888 3590 1063 3651 quae
1130 3579 1291 3634 sunt
1352 3571 1605 3633 amoris
1666 3569 1914 3632 sinceri
1963 3577 2035 3633 et
2091 3568 2258 3650 justi
2322 3590 2441 3652 per
2497 3590 2666 3653 quas

408 3669 642 3732 etiam
682 3664 1029 3747 simplices
1064 3665 1285 3729 bonos
1322 3666 1410 3728 ad
1454 3665 1631 3728 bene
1668 3664 2104 3729 sentiendum
2143 3664 2229 3728 de
2273 3664 2429 3740 illis,
2468 3675 2540 3728 et
2577 3665 2666 3728 ad

410 3761 599 3825 bene
633 3757 1009 3821 volendum
1046 3758 1204 3834 illis,
1242 3757 1607 3822 attrahunt
1651 3768 1725 3821 et
1759 3757 2188 3839 adjungunt;
2234 3766 2305 3821 et
2337 3758 2664 3841 quamdiu

411 3851 921 3918 benevolentia
956 3851 1076 3915 illa
1110 3851 1478 3916 intercedit
1522 3852 1700 3916 sicut
1737 3861 1995 3926 mutua,
2033 3852 2298 3914 tamdiu
2335 3861 2665 3935 potentes

413 3957 583 4013 sunt
616 3966 783 4029 prae
812 3945 1111 4027 reliquis.
1198 3943 1495 4028 Quidam
1527 3955 1934 4028 comparant
1970 3945 2098 4009 sibi
2123 3947 2511 4028 potentiam
2544 3967 2666 4028 per

414 4039 1021 4125 repraesentativa
1050 4039 1221 4102 varii
1251 4038 1545 4120 generis„
1579 4059 1753 4121 quae
1784 4047 1945 4102 sunt
1975 4039 2226 4102 abusus
2255 4059 2664 4122 correspon-

416 4135 860 4210 dentiarum3
920 4132 1194 4215 quidam
1232 4132 1473 4196 aliter:
1534 4141 1607 4196 et
1643 4133 1802 4216 quia
1829 4134 2009 4198 veris
2045 4153 2220 4216 quae
2255 4155 2298 4197 a
2336 4134 2522 4197 bono
2557 4144 2666 4198 est

416 4231 655 4296 omnis
697 4229 1035 4310 potentia,
1074 4237 1146 4292 et
1188 4227 1309 4291 illa
1350 4227 1531 4310 apud
1574 4228 1868 4309 angelos
1902 4228 2230 4305 resident,
2267 4229 2427 4292 inde
2471 4228 2667 4293 malis

419 4321 784 4408 spiritibus
820 4319 988 4383 nihil
1019 4322 1329 4404 optatius
1360 4331 1467 4384 est
1498 4339 1704 4404 quam
1741 4321 2095 4385 attrahere
2131 4322 2352 4385 bonos
2387 4323 2666 4405 spiritus

415 4420 488 4483 in
520 4435 687 4480 suas
728 4422 988 4496 parteS,
1034 4415 1191 4498 quia
1234 4415 1399 4478 mali
1440 4413 1534 4478 sic
1573 4414 1858 4493 valent;
1918 4423 1990 4479 at
2033 4434 2197 4478 vero
2255 4425 2330 4478 ut
2373 4417 2664 4497 primum

417 4513 511 4577 ab
564 4509 699 4574 illis
734 4519 1164 4588 separantur,
1195 4517 1356 4571 sunt
1401 4509 1469 4571 in
1512 4506 1703 4571 falsis
1745 4508 1846 4572 sui
1889 4507 2094 4587 mali;
2151 4516 2224 4572 et
2260 4527 2415 4573 cum
2458 4510 2524 4572 in
2562 4509 2665 4573 his

421 4608 611 4680 sunt,
649 4609 818 4665 tunc
859 4597 1084 4661 orbati
1121 4607 1281 4662 sunt
1326 4598 1512 4660 omni
1545 4597 1883 4679 potentia.
1970 4597 2166 4662 Haec
2202 4597 2414 4661 etiam
2458 4618 2664 4663 causa
