3259 5384
889 664 1048 714 cti-1⁷.
1087 664 1258 726 x1v.,
1299 664 1506 715 VERs.
1557 665 1768 714 1.—-N.
1810 649 2063 735 852[b].
2425 667 2589 734 2373

617 832 758 881 derit
785 831 996 881 Patrem
1021 832 1307 882 facientem
1329 847 1340 891 ;
1375 847 1512 896 quae
1537 847 1768 896 namque
1794 833 1894 882 Ille
1918 833 2059 893 facit,
2082 835 2213 883 haec
2238 835 2397 884 etiam
2426 833 2591 884 Filius

618 899 860 948 similiter
885 899 1012 948 facit
1031 915 1068 948 :.
1088 935 1102 948 .
1121 935 1134 948 .
1153 901 1628 962 .quemadmodum
1664 899 1823 949 Pater
1845 901 2067 950 suscitat
2096 911 2354 960 mortuos,
2379 910 2433 949 et
2456 902 2591 949 vivi-

619 963 754 1022 ficat,
769 963 842 1012 ita
857 964 1016 1012 etiam
1037 963 1198 1013 Filius
1219 979 1354 1028 quos
1365 965 1479 1013 vult
1494 964 1727 1013 vivificat
1748 982 1786 1014 :.
1806 1001 1819 1014 .
1838 1001 1851 1014 .
1873 966 1983 1029 ,qui
2006 980 2113 1014 non
2135 967 2364 1014 honorat
2382 964 2588 1024 Filium,

617 1043 725 1077 non
761 1029 994 1078 honorat
1024 1029 1236 1078 Patrem
1266 1030 1354 1092 qui
1397 1029 1544 1078 misit
1591 1029 1808 1091 Ipsum:
1857 1043 2040 1079 amen.
2061 1030 2204 1079 ,dico
2240 1031 2409 1088 vobis,
2447 1031 2587 1094 quod

616 1095 794 1144 veniet
833 1095 989 1144 hora.
1011 1132 1024 1144 .
1044 1131 1081 1154 .‚
1117 1097 1334 1158 quando
1378 1095 1574 1146 mortui
1609 1096 1829 1144 audient
1863 1109 2053 1144 vocem
2098 1095 2216 1145 Filii
2255 1096 2371 1156 Dei,
2408 1106 2463 1145 et
2497 1098 2589 1160 qui

613 1160 846 1218 audient,
873 1161 1083 1210 vivent:
1120 1160 1558 1223 quemamodum.
1580 1160 1765 1210 ,Pater
1788 1161 1948 1209 habet
1973 1162 2137 1209 vitam
2168 1161 2220 1209 in
2248 1161 2315 1210 Se
2346 1160 2491 1224 1p80,
2516 1163 2591 1211 ita

613 1225 777 1273 etiam
806 1226 954 1274 dedit
983 1225 1120 1274 Filio
1141 1226 1308 1274 vitam
1339 1226 1540 1275 habere
1575 1225 1632 1274 in
1668 1225 1737 1274 Se
1767 1224 1937 1288 Ipso”
1962 1225 2033 1287 (v.
2066 1222 2329 1288 17-1‘127):

349 1353 532 1435 quod
569 1354 1114 1437 per-“Patrem'’
1149 1356 1260 1420 hic
1308 1355 1741 1438 intelligatur
1780 1355 2101 1420 Divinum
2147 1357 2215 1419 in
2264 1355 2582 1431 Domin0,

347 1449 530 1529 quod
569 1450 689 1513 fuit
739 1449 958 1533 Ipsius
996 1453 1160 1524 vita,
1201 1452 1375 1514 sicut
1424 1461 1531 1514 est
1578 1452 1805 1514 anima
1852 1452 2064 1533 patris
2110 1453 2177 1514 in
2223 1453 2409 1515 omni
2457 1452 2583 1515 ho-

348 1542 554 1616 mine,
594 1553 665 1606 et
701 1545 884 1626 quod
933 1565 1058 1626 per
1083 1545 1388 1608 “Filium
1406 1544 1436 1570 ’³
1473 1545 1901 1626 intelligatur
1942 1545 2358 1620 Humanum,
2400 1545 2585 1628 quod

345 1654 436 1698 ex
475 1638 624 1719 ipso
663 1637 912 1701 Divino
948 1640 1016 1704 in
1055 1638 1214 1721 Ipso
1244 1640 1440 1713 vixit,
1476 1648 1547 1702 et
1585 1640 1743 1703 inde
1780 1658 2045 1721 quoque
2086 1638 2405 1702 Divinum
2442 1639 2583 1704 fac·

344 1739 492 1794 tum
553 1742 680 1806 est,
727 1744 1228 1816 consequenter
1280 1734 1461 1817 quod
1517 1734 1719 1797 Pater
1766 1745 1838 1796 et
1889 1733 2098 1797 Filius
2154 1753 2358 1796 unum
2418 1735 2579 1810 sint,

343 1834 621 1890 constat
667 1847 758 1890 ex
807 1827 1081 1891 Domini
1126 1829 1350 1892 verbis
1398 1829 1510 1904 ibi,
1549 1829 1732 1910 quod
1778 1848 2025 1910 nempe
2074 1828 2350 1891 “Filius
2396 1829 2581 1892 simi-

345 1917 432 1982 lia
475 1919 686 1985 faciat
727 1941 903 2003 quae
946 1922 1151 1986 Pater
1175 1923 1228 1999 ;”
1274 1923 1456 2003 quod
1509 1922 1780 1985 “Filius
1828 1923 2115 1988 suscitet
2162 1932 2471 1986 mortuos
2508 1932 2582 1986 et

341 2012 637 2076 vivificet
683 2016 860 2078 sicut
908 2015 1108 2079 Pater
1135 2015 1188 2093 ;”
1242 2017 1422 2097 quod
1474 2016 1749 2080 “Filius
1794 2015 2050 2080 habeat
2096 2018 2310 2080 vitam
2365 2018 2431 2078 in
2492 2014 2581 2080 Se

344 2105 503 2190 Ipso
535 2110 709 2173 sicut
749 2110 952 2173 Pater
974 2110 1025 2190 ;”
1070 2120 1142 2175 et
1168 2111 1349 2192 quod
1386 2117 1424 2142 ‘⁴
1444 2108 1689 2174 victuri
1722 2112 1856 2174 sint
1891 2111 2002 2194 qui
2034 2111 2313 2174 audient
2338 2130 2578 2174 vocem

341 2201 496 2266 Filii
520 2203 576 2282 ;’'
619 2225 708 2267 ex
741 2205 848 2268 his
893 2205 1253 2269 manifeste
1290 2215 1489 2288 patet
1534 2206 1720 2288 quod
1768 2195 1968 2270 Pater
2004 2216 2075 2269 et
2117 2205 2326 2269 Filius
2373 2225 2578 2269 unum

339 2298 474 2360 sint
530 2299 707 2362 sicut
763 2300 989 2362 anima
1041 2309 1111 2363 et
1165 2319 1451 2382 corpus:
1521 2310 1591 2363 et
1648 2300 1829 2383 quod
1890 2301 2044 2383 quia
2097 2300 2367 2364 Patrem
2422 2321 2579 2382 pro-

337 2393 556 2473 prium
602 2395 779 2457 dixit
825 2394 1069 2470 Deum,
1111 2403 1183 2458 et
1229 2414 1462 2476 parem
1509 2393 1596 2458 Se
1644 2395 1797 2458 Deo
1840 2395 2023 2471 fecit,
2058 2395 2297 2477 Judaei
2346 2395 2578 2477 Ipsum

337 2485 718 2552 interficere
756 2499 1180 2571 quaererent.
1274 2489 1484 2572 Apud
1521 2490 1835 2564 eundem,

439 2620 662 2670 “Omne
695 2621 836 2685 quod
871 2622 964 2670 dat
999 2621 1134 2672 Mihi
1167 2621 1340 2681 Pater,
1365 2623 1434 2672 ad
1471 2621 1562 2671 Me
1591 2623 1827 2676 venietz.
1847 2621 2137 2672 ...omnis.
2160 2622 2273 2685 ,qui
2306 2621 2513 2671 audivit
2546 2635 2583 2672 a

601 2686 776 2744 Patre,
801 2697 855 2736 et
878 2687 1078 2743 didicit.
1103 2689 1251 2736 venit
1279 2689 1346 2736 ad
1375 2687 1499 2743 Me:
1535 2703 1645 2736 non
1670 2688 1813 2751 quod
1843 2686 2056 2736 Patrem
2088 2687 2280 2736 viderit
2309 2688 2442 2751 quis,
2472 2687 2577 2736 nisi

597 2753 687 2816 qui
715 2764 799 2802 est
820 2753 962 2815 apud
995 2753 1227 2812 Patrem,
1253 2751 1355 2802 Hic
1379 2754 1523 2802 videt
1551 2752 1781 2803 Patrem.
1826 2789 1838 2801 .
1860 2789 1871 2802 .
1891 2789 1905 2802 .
1925 2789 1937 2801 .
1952 2751 2067 2814 Ego
2086 2767 2205 2800 sum
2231 2754 2386 2815 panis
2406 2753 2575 2810 vivus,

597 2817 687 2881 qui
721 2833 752 2867 e
775 2819 928 2866 caelo
960 2818 1290 2870 descendit2.
1311 2856 1324 2868 .
1342 2856 1355 2868 .
1378 2817 1851 2882 ,quemadmodum
1878 2817 2026 2867 misit
2055 2817 2145 2867 Me
2170 2818 2359 2866 vivens
2399 2817 2576 2877 Pater.

599 2883 715 2946 Ego
739 2883 900 2934 etiam
927 2883 1054 2933 vivo
1079 2899 1173 2946 per
1200 2883 1457 2934 Patrem”
1481 2884 1574 2946 (vi.
1601 2896 1682 2944 37.
1706 2883 1865 2947 seq.):

329 3013 632 3096 loquitur
669 3015 759 3078 ibi
799 3013 1131 3078 Dominus
1169 3014 1256 3078 de
1297 3013 1619 3077 Humano
1665 3034 1807 3090 su0‚
1847 3013 2029 3097 quod
2067 3013 2501 3078 descenderit
2536 3035 2575 3078 e

330 3109 550 3183 cae10‚
599 3120 674 3172 et
717 3110 898 3191 quod
953 3111 1164 3173 cuivis
1209 3111 1352 3172 vita
1406 3111 1497 3172 sit
1549 3128 1670 3190 per
1722 3108 1974 3191 Ipsum.
2024 3131 2114 3173 ex
2169 3128 2372 3172 causa
2419 3110 2575 3190 quia

329 3202 538 3267 Pater
582 3213 654 3266 et
703 3203 857 3285 Ipse
896 3222 1100 3265 unum
1149 3212 1328 3276 sunt,
1379 3213 1448 3266 et
1496 3201 1681 3286 quod
1718 3204 1863 3267 vita
1909 3203 2125 3267 Patris
2164 3205 2252 3266 sit
2298 3205 2365 3266 in
2414 3202 2574 3284 Ipso

328 3298 508 3362 sicut
545 3297 802 3360 Anima
838 3317 928 3360 ex
962 3297 1162 3360 Patre
1199 3298 1266 3360 in
1300 3297 1495 3360 Filio.
1585 3297 1795 3380 Apud
1833 3298 2149 3374 eundem,

433 3431 592 3494 “Ego
611 3431 779 3480 vitam
797 3440 1074 3480 aeternam
1093 3431 1164 3480 do
1177 3430 1406 3480 ”ovibus
1427 3431 1576 3488 meiS,
1590 3433 1685 3480 “et
1702 3446 1812 3480 non
1833 3433 2081 3493 peribunt
2100 3431 2153 3480 in
2174 3431 2461 3490 saeculum,
2474 3445 2574 3480 nec

593 3498 764 3558 rapiet
779 3497 898 3559 quis
913 3511 1030 3545 eas,
1051 3533 1064 3546 .
1083 3533 1096 3546 .
1116 3511 1170 3546 .e
1185 3511 1349 3546 manu
1373 3495 1546 3546 Patris
1566 3497 1703 3553 mei:
1744 3495 1859 3558 Ego
1886 3508 1941 3545 et
1964 3497 2121 3546 Pater
2149 3511 2315 3545 unum
2336 3495 2571 3546 sumus.”

591 3561 783 3626 judaei
823 3562 1102 3622 indignati.
1137 3563 1282 3624 quod
1323 3561 1391 3610 Se
1441 3561 1624 3623 Ipsum
1667 3561 1865 3611 faceret
1903 3562 2091 3610 Deum.
2164 3562 2325 3620 Dixit,
2358 3563 2573 3625 “Quem

593 3627 752 3676 Pater
775 3623 1128 3676 sanetificavit
1157 3637 1210 3674 et
1235 3627 1380 3675 misit
1404 3627 1458 3675 in
1485 3627 1759 3683 mundum,
1781 3642 1951 3676 vosne
1975 3626 2165 3686 dicitis,
2189 3627 2575 3689 Blasphemas?

591 3693 716 3756 quia
748 3693 1054 3752 dixi,Filius
1095 3692 1190 3740 Dei
1221 3706 1356 3742 sum.
1425 3692 1480 3742 si
1511 3707 1622 3741 non
1652 3692 1789 3741 facio
1818 3706 1983 3754 opera
2014 3692 2189 3741 Patris
2221 3693 2341 3750 mei,
2368 3707 2436 3741 ne
2465 3707 2575 3742 cre-

589 3758 699 3808 dite
737 3757 904 3812 Mihi:
947 3760 994 3807 si
1031 3771 1160 3806 vero
1193 3757 1373 3815 facim.
1395 3759 1735 3819 ...operibus
1782 3758 1995 3817 credite,
2034 3767 2094 3807 ut
2134 3759 2473 3820 cognoscatis
2518 3768 2574 3808 et

589 3825 834 3882 credatis,
859 3824 1002 3887 quod
1029 3823 1188 3872 Pater
1211 3823 1266 3871 in
1294 3823 1385 3872 Me
1409 3832 1463 3872 et
1484 3822 1600 3886 Ego
1623 3825 1680 3872 in
1710 3823 1869 3872 Patre
1881 3823 1908 3842 ”
1932 3824 2002 3886 (x.
2030 3824 2242 3886 28-38):

321 3957 436 4020 hic
492 3955 790 4038 loquitur
854 3954 1186 4019 Dominus
1241 3955 1328 4028 de
1384 3955 1585 4018 Patre
1646 3955 1820 4018 sicut
1884 3955 1969 4018 de
2026 3955 2183 4031 alic,
2249 3955 2567 4028 dicende.

326 4051 614 4114 “Nemo
675 4051 891 4132 rapiet
951 4071 1116 4113 oves
1171 4071 1208 4112 e
1262 4068 1466 4112 manu
1522 4049 1741 4113 Patris
1801 4052 1932 4113 mei
1957 4049 2009 4126 ;”
2055 4045 2203 4113 turri
2253 4049 2383 4114 “Si
2430 4070 2568 4113 non

320 4145 500 4209 facio
552 4165 759 4227 opera
813 4145 1033 4207 Patris
1087 4145 1240 4219 mei,
1298 4164 1383 4207 ne
1437 4144 1698 4207 credite
1758 4143 1969 4222 Mihi;
2037 4145 2092 4206 si
2152 4164 2316 4207 vero
2368 4144 2567 4221 facio,

322 4241 639 4324 operibus
685 4239 943 4304 credite
970 4239 1022 4318 ;”
1059 4249 1129 4302 et
1177 4248 1432 4312 tamen,
1477 4259 1560 4302 ne
1601 4239 1965 4302 crederent
2013 4239 2197 4322 quod
2246 4239 2449 4303 Pater
2493 4250 2568 4305 et

321 4337 480 4418 Ipse
525 4335 663 4398 duo
707 4342 963 4409 essent,
1013 4334 1200 4408 dicit,
1245 4334 1508 4397 “Pater
1552 4343 1624 4396 et
1674 4333 1829 4415 Ego
1876 4353 2081 4396 unum
2129 4353 2359 4396 sumus
2384 4333 2441 4413 ;”
2486 4355 2565 4398 ac

323 4450 411 4492 ne
448 4430 808 4493 crederent
846 4428 1027 4511 quod
1068 4446 1271 4491 unum
1310 4436 1542 4491 essent
1581 4425 1800 4489 solum
1840 4447 1959 4510 per
1989 4446 2313 4501 amorem,
2348 4428 2564 4502 addit,

323 4524 484 4589 “Ut
523 4524 966 4605 cognoscatis
1003 4532 1072 4585 et
1113 4522 1409 4586 credatis
1446 4521 1627 4604 quod
1669 4522 1870 4586 Pater
1906 4523 1972 4585 in
2014 4521 2151 4598 Me,
2192 4531 2263 4586 et
2298 4522 2455 4604 Ego
2494 4523 2564 4585 in

319 4619 522 4685 Patre
547 4618 601 4682 :”
648 4618 802 4682 inde
836 4628 1155 4682 constare
1188 4626 1420 4700 potest
1454 4616 1635 4700 quod
1670 4615 2004 4681 Dominus
2041 4636 2162 4700 per
2186 4621 2224 4650 ‘⁴
2245 4617 2519 4681 Patrem
2538 4616 2569 4642 '’
