3259 5384
1042 717 1203 767 CAP.
1236 718 1393 781 xn„
1428 720 1636 771 VERs.
1677 721 1894 789 5.-Ν,
1928 710 2072 789 728.
2503 724 2667 790 2023

418 902 711 963 quorum
750 882 1133 966 explicatio
1167 886 1485 951 videatur
1520 908 1728 971 supra
1765 904 1834 963 (n.
1871 890 2034 970 176).
2128 889 2392 953 Similia
2435 891 2670 973 itaque

420 974 898 1057 significantur
933 998 1054 1061 per
1090 978 1261 1043 haec
1300 982 1479 1062 apud
1516 980 1870 1057 Davidem,

522 1119 833 1171 “Conteres
856 1136 954 1172 eos
976 1124 1132 1186 virga
1155 1122 1345 1184 ferrea,
1369 1125 1506 1175 sicut
1529 1140 1627 1175 vas
1652 1124 1798 1189 figuli
1823 1127 2098 1190 disperges
2123 1124 2262 1177 eos”
2285 1125 2396 1189 (Ρε.
2420 1127 2473 1177 ii.
2497 1128 2565 1190 9).

546 1286 737 1368 728.
794 1288 917 1351 ‘fe
930 1294 1148 1369 raptus
1168 1295 1274 1353 est
1298 1288 1467 1354 fetus
1487 1290 1623 1373 ejus
1645 1292 1730 1353 ad
1747 1292 1934 1355 Deum
1953 1298 2023 1355 et
2039 1292 2315 1355 the-onum
2335 1290 2676 1373 Ipsius?—

424 1374 633 1459 Quod
688 1378 1028 1461 significet
1082 1383 1471 1445 tutationem
1523 1383 1864 1447 dodrinae
1907 1406 1950 1447 a
1991 1384 2294 1459 Domina,
2343 1385 2502 1467 quia
2541 1394 2675 1466 pro

422 1470 627 1535 Nova
660 1472 984 1551 Ecclesia,
1024 1485 1303 1539 constat
1342 1496 1435 1540 ex
1474 1476 1975 1559 significatione
2017 1478 2304 1543 “setus”
2340 1500 2458 1542 seu
2501 1478 2674 1542 “filii

420 1566 769 1642 masculi‚”
800 1588 1001 1651 quem
1038 1571 1365 1652 “peperit
1398 1570 1638 1634 mulier
1673 1572 2098 1636 circumdata
2128 1571 2296 1647 sole,
2331 1573 2456 1635 sub
2486 1572 2673 1654 cujus

424 1660 714 1741 pedibus
761 1661 944 1738 luna,
983 1672 1054 1726 et
1093 1684 1298 1746 super
1333 1664 1519 1745 cujus
1556 1666 1785 1747 capite
1823 1685 2074 1729 corona
2111 1665 2462 1730 stellarum
2502 1666 2670 1731 duo·

420 1755 705 1829 decim,'’
749 1757 931 1839 quod
977 1759 1065 1821 sit
1111 1755 1425 1821 doctrina
1470 1780 1561 1823 ex
1613 1758 1872 1835 Verb0,
1921 1769 1992 1824 et
2038 1762 2312 1843 quidem
2364 1759 2675 1825 doctrina

419 1850 583 1925 veri,
641 1850 709 1913 id
768 1861 899 1927 est,
947 1849 1257 1915 doctrina
1319 1855 1569 1916 amoris
1626 1854 1694 1916 in
1757 1854 2126 1917 Dominum
2185 1865 2256 1918 et
2315 1855 2672 1919 charitatis

419 1964 585 2026 erga
619 1947 1028 2026 proximum,
1056 1958 1127 2011 et
1154 1949 1451 2030 denique
1486 1946 1642 2011 fidei
1667 1969 1682 2025 ;
1731 1958 1802 2011 et
1827 1969 1916 2012 ex
1945 1948 2443 2031 significatione
2471 1952 2673 2033 “rapi

420 2038 509 2101 ad
542 2038 769 2103 Deum
793 2050 865 2103 et
899 2042 985 2103 ad
1020 2042 1345 2106 thronum
1380 2040 1660 2131 Ipsius,”
1684 2043 1866 2125 quod
1900 2044 1988 2107 sit
2016 2044 2272 2107 tutatio
2301 2066 2342 2108 a
2375 2044 2673 2108 Domino

421 2153 545 2215 pro
593 2134 1008 2211 “dracone,”
1053 2138 1164 2218 qui
1214 2136 1488 2199 adstitit
1536 2138 1849 2219 parienti,
1901 2138 2131 2200 animo
2175 2146 2246 2201 et
2294 2140 2672 2221 cupiditate

420 2227 795 2291 devorandi
848 2228 1078 2308 illum;
1138 2229 1257 2294 illa
1302 2231 1560 2294 tutatio
1603 2252 1645 2294 a
1692 2230 1991 2294 Domino
2036 2251 2158 2313 pro
2201 2231 2336 2295 illis
2381 2233 2492 2315 qui
2548 2254 2668 2315 per

424 2322 850 2387 “draconem
868 2322 901 2349 ”
935 2324 1433 2407 intelliguntur,
1472 2324 1582 2388 hic
1630 2344 1750 2406 per
1795 2323 1912 2387 illa
1953 2325 2162 2388 verba
2207 2326 2667 2408 significatur;

421 2425 490 2480 et
536 2418 694 2499 quia
741 2416 1049 2482 doctrina
1106 2418 1225 2481 illa
1282 2419 1505 2482 sutura
1562 2428 1670 2482 est
1725 2416 2035 2482 doctrina
2095 2418 2447 2496 ecclesiae,
2496 2442 2670 2503 quae

420 2510 621 2575 Nova
668 2510 1153 2594 Hierosolyma
1197 2521 1502 2588 vocatur,
1547 2512 1706 2575 ideo
1751 2513 1998 2575 dicitur
2047 2514 2304 2576 tutatio
2347 2515 2503 2595 quia
2548 2536 2671 2597 pro

421 2604 619 2669 Nova
675 2606 1027 2671 Ecclesia:
1094 2613 1392 2689 “raptus
1453 2607 1541 2669 ad
1604 2606 1828 2670 Deum
1887 2616 1959 2671 et
2019 2606 2344 2670 thronum
2400 2607 2618 2689 Ipsius
2640 2608 2671 2633 '’

420 2701 707 2781 dicitur;
755 2712 826 2765 et
852 2722 971 2783 per
994 2702 1275 2765 “Deum
1292 2700 1325 2727 ”
1350 2700 1762 2783 intelligitur
1788 2700 2144 2776 DominuS,
2169 2710 2238 2765 et
2267 2721 2386 2783 per
2415 2708 2454 2734 ‘⁸
2475 2702 2668 2767 thro·

420 2814 581 2858 num
629 2794 898 2877 Ipsius”
942 2795 1247 2873 caelum;
1310 2794 1491 2879 quod
1551 2796 1639 2858 ad
1699 2794 2071 2858 Dominum
2119 2805 2190 2858 et
2237 2796 2323 2858 ad
2381 2796 2666 2869 caelum,

418 2898 524 2952 εει
556 2890 716 2971 quia
744 2887 1055 2953 doctrina
1090 2889 1208 2953 illa
1244 2900 1353 2953 est
1389 2911 1429 2953 a
1468 2889 1801 2965 Domine,
1834 2898 1906 2951 et
1945 2888 2210 2952 caelum
2249 2888 2318 2951 in
2354 2889 2470 2953 illa
2499 2891 2668 2953 doc-

418 2984 599 3046 trina
643 2993 773 3047 est.
886 2982 1213 3047 Similiter
1263 2994 1339 3048 ut
1393 2983 1503 3047 hic
1550 2984 1637 3047 de
1693 2982 1890 3046 “fetu
1943 3003 1984 3045 a
2037 2982 2317 3046 muliere
2369 2984 2669 3065 genito,”

417 3079 601 3161 quod
650 3084 945 3161 “raptus
988 3080 1078 3143 sit
1132 3076 1219 3141 ad
1275 3077 1558 3155 Deum,”
1602 3078 1814 3141 etiam
1860 3077 2105 3141 dicitur
2149 3078 2236 3141 de
2282 3076 2661 3142 Chanocho

412 3172 678 3256 Jaredis
714 3172 873 3249 filio,
908 3172 1029 3236 sed
1068 3172 1173 3235 his
1209 3172 1455 3247 verbis⁹

515 3320 873 3371 “Ambulavit
913 3320 1171 3371 Chanoch
1211 3335 1333 3371 cum
1376 3320 1509 3381 Deo,
1544 3330 1599 3371 et
1640 3334 1752 3370 non
1792 3320 2038 3385 amplius,
2074 3296 2202 3384 quia
2237 3319 2470 3384 sumpsit
2508 3318 2659 3369 illum

682 3386 831 3437 Deus
846 3386 877 3409 ”
899 3387 1044 3445 (Gen.
1068 3402 1118 3437 v,
1145 3386 1258 3450 24):

415 3534 695 3617 quinam
754 3550 873 3615 per
922 3530 1475 3597 “Chanochum”
1519 3531 1700 3595 hunc
1761 3528 2094 3595 intellecti
2154 3539 2336 3607 sunt,
2385 3540 2455 3595 et
2502 3531 2664 3613 quid

416 3626 878 3710 significatum
916 3636 1047 3703 est,
1088 3626 1253 3691 mihi
1299 3646 1338 3689 e
1383 3626 1579 3690 caelo
1614 3622 1966 3690 detectum
2005 3636 2154 3704 est3
2203 3644 2447 3708 nempe
2484 3625 2666 3707 quod

415 3720 513 3785 illi
558 3722 675 3804 qui
732 3740 825 3784 ex
882 3720 1271 3785 hominibus
1314 3719 1862 3803 Antiquissimae
1922 3718 2276 3784 Ecclesiae
2334 3720 2404 3782 in
2461 3738 2666 3784 unum

416 3816 852 3897 collegerunt
876 3816 1467 3897 repraesentativa
1492 3826 1563 3878 et
1588 3813 2233 3895 correspondentias
2259 3812 2667 3876 naturalium

414 3930 569 3974 cum
609 3909 1117 3992 spiritualibus3
1164 3909 1479 3973 homines
1513 3910 1696 3972 enim
1727 3907 2274 3990 Antiquissimae
2297 3906 2665 3973 ,Ecclesiae

414 4006 686 4070 fuerunt
723 4006 793 4068 in
826 4004 1160 4087 spirituali
1192 3999 1547 4067 intellectu
1581 4013 1653 4066 et
1687 4004 2128 4085 perceptione
2159 4003 2460 4065 omnium
2493 4022 2666 4084 quae

414 4100 732 4165 viderunt
758 4098 1015 4176 oculis3
1062 4106 1133 4161 et
1165 4098 1327 4161 inde
1356 4118 1449 4161 ex
1475 4094 1759 4177 objectis
1791 4098 1858 4159 in
1885 4096 2143 4160 mundo
2166 4104 2666 4178 perspexerunt

415 4194 815 4278 spiritualia,
852 4212 1028 4276 quae
1065 4190 1351 4273 objectis
1391 4190 2067 4273 correspondebant;
2113 4200 2185 4253 et
2223 4190 2380 4271 quia
2426 4188 2666 4251 Domi-

416 4310 543 4353 nus
578 4288 916 4373 praevidit
952 4286 1135 4371 quod
1168 4284 1541 4369 spiritualis
1579 4284 1696 4349 illa
1733 4286 2088 4367 perceptio
2125 4284 2306 4366 apud
2351 4292 2668 4365 posteros

414 4384 683 4449 illorum
744 4384 1021 4467 periret,
1067 4391 1139 4445 et
1185 4399 1342 4444 cum
1387 4380 1836 4462 perceptione
1882 4378 1999 4442 illa
2045 4398 2313 4461 quoque
2359 4377 2668 4458 cognitio

413 4477 1169 4561 correspondentiarum
1201 4494 1323 4557 per
1347 4493 1517 4556 quas
1548 4474 1786 4555 generi
1816 4471 2121 4535 humano
2145 4480 2252 4535 εει
2278 4466 2666 4551 conjunctio

413 4590 567 4636 cum
622 4572 843 4648 caelo,
889 4570 1048 4634 ideo
1104 4569 1402 4651 providit
1462 4566 1802 4631 Dominus
1862 4575 1937 4629 ut
1985 4566 2256 4648 quidam
2313 4565 2425 4646 qui
2483 4562 2666 4645 apud

412 4666 925 4751 antiquissimos
954 4664 1299 4740 vixerunt,
1332 4663 1400 4725 in
1438 4680 1643 4725 unum
1681 4658 2090 4742 colligerent
2123 4656 2664 4740 corresponden-
