3259 5384
601 619 782 688 -1970
1240 615 1734 668 APOCALYPSIS
1779 615 2222 666 EXPLICATA.
2258 651 2263 656 v

868 801 948 846 ea,
975 793 1032 836 et
1063 799 1174 834 non
1211 785 1532 850 appenditur
1563 795 1845 848 argentum
1874 785 2107 848 pretium
2138 784 2290 848 ejusz
2332 797 2442 834 non
2470 783 2843 848 aequiparatur

870 865 1004 901 auro
1027 851 1210 913 Ophir,
1236 852 1443 914 onyche
1469 851 1706 914 pretioso
1730 861 1785 899 ct
1808 851 2092 914 sapphiro;
2128 865 2239 900 non
2264 849 2485 899 certabit
2508 863 2629 898 cum
2660 863 2727 898 ea
2752 863 2844 899 au-

867 931 984 966 rum
1031 925 1086 966 et
1128 917 1389 976 adamas..
1408 952 1421 966 .
1439 953 1454 966 .
1471 917 1708 966 ‚ramoth
1749 925 1803 965 et
1848 915 2037 978 gabisb
2079 930 2189 964 non
2230 915 2751 972 oommemorabitur,
2790 924 2843 964 et

868 979 1063 1032 eledtio
1091 981 1386 1044 sapientiae
1415 996 1544 1044 prae
1573 981 1905 1043 margaritis;
1946 996 2058 1030 non
2092 981 2317 1031 certabit
2348 995 2467 1030 cum
2502 995 2570 1029 ea
2602 981 2842 1044 topazius

867 1047 1188 1108 Aethiopiae
1209 1061 1245 1106 ;.
1267 1085 1278 1096 .
1297 1083 1310 1097 .
1331 1061 1420 1097 .en
1447 1048 1606 1095 timor
1638 1045 1854 1095 Domini
1881 1054 1964 1095 est
1987 1046 2263 1108 sapientia,
2286 1055 2341 1094 et
2364 1045 2611 1094 recedere
2637 1059 2672 1094 a
2696 1046 2841 1094 malo

867 1123 950 1161 est
975 1109 1422 1175 1¹1intelligentia”
1444 1111 1647 1172 (xxviii.
1672 1112 1719 1170 ὁ,
1750 1123 1824 1171 12,
1852 1123 1928 1171 13,
1958 1123 2131 1174 15-19‚
2156 1111 2272 1172 28):

607 1243 927 1327 quoniam
987 1264 1107 1326 per
1164 1242 1412 1306 Divina
1469 1263 1630 1306 vera
1690 1241 1931 1306 ultima
1989 1242 2433 1324 spiritualiter
2489 1239 2843 1306 intellecta

604 1338 826 1402 omnis
871 1337 1208 1419 sapientia
1252 1346 1322 1400 et
1369 1337 1833 1418 intelligentia
1876 1347 2005 1412 est,
2046 1345 2118 1400 et
2162 1337 2320 1418 quia
2364 1357 2483 1418 per
2523 1334 2842 1418 “lapides

605 1432 946 1514 pretiosos
962 1430 993 1456 ''
1024 1431 1114 1494 ibi
1145 1432 1558 1507 nominatOS,
1599 1429 2031 1512 “onychem”
2068 1437 2106 1462 ‘⁸
2128 1427 2581 1513 sapphirum,”
2616 1429 2838 1494 “ada-

603 1524 973 1599 mantem‚”
1042 1523 1504 1606 “topazium,”
1571 1534 1641 1589 et
1714 1543 1833 1606 per
1904 1523 2427 1606 “margaritas,”
2491 1522 2610 1612 illa
2679 1542 2842 1587 vera

603 1617 1092 1700 significantur,
1141 1630 1214 1683 et
1268 1618 1337 1683 hi
1392 1618 1653 1701 lapides
1698 1629 2035 1701 quatenus
2082 1617 2343 1700 lapides
2394 1638 2485 1680 ex
2531 1615 2841 1680 terrestri

603 1715 912 1787 materia,
952 1715 1031 1776 ate
1079 1733 1202 1795 pro
1247 1714 1563 1795 pretiosis
1609 1713 1824 1778 habiti
1870 1714 1937 1776 in
1986 1713 2261 1788 mundo,
2308 1710 2498 1775 nihili
2546 1719 2708 1778 sunt
2752 1710 2839 1773 ad

608 1806 1142 1888 intelligentiam
1186 1817 1258 1870 et
1319 1807 1749 1890 sapientiam,
1804 1807 1961 1872 ideo
2006 1806 2251 1870 dicitur
2296 1805 2477 1889 quod
2520 1803 2840 1887 “lapides

605 1901 703 1964 illi
749 1921 886 1964 non
923 1901 1426 1983 intelligentiae
1463 1911 1535 1965 et
1573 1903 1951 1984 sapientiae
1988 1899 2470 1983 aequiparandi
2515 1899 2675 1974 sint,
2714 1917 2839 1962 nec

603 1984 838 2058 aurum
885 2005 956 2059 et
995 2005 1356 2077 argentum
1385 1994 1439 2072 ;”
1493 1996 2043 2077 comparationes
2078 1992 2246 2057 fiunt
2292 2012 2447 2057 cum
2493 1991 2649 2066 illis,
2685 1992 2841 2075 quia

603 2089 814 2152 etiam
873 2087 1282 2170 significant,
1339 2098 1410 2153 et
1467 2088 1651 2172 quod
1709 2087 1961 2170 alioqui
2018 2086 2185 2151 nihil
2243 2088 2383 2150 sint
2440 2081 2838 2168 respective.

602 2181 814 2264 Apud
848 2182 1202 2258 Davidem,
1297 2229 1302 2236 ·

701 2314 880 2376 uTu,”
905 2315 1148 2380 Jehovah
1175 2317 1406 2378 “surges
1431 2323 1488 2365 et
1515 2315 1853 2366 misereberis
1881 2313 2107 2373 Zionis„
2125 2351 2139 2365 .
2158 2352 2171 2365 .
2191 2314 2341 2378 .quia
2362 2313 2674 2364 desiderant
2700 2313 2840 2364 servi

866 2381 942 2430 tui
967 2382 1171 2444 lapides
1195 2379 1357 2445 ejus'’
1380 2381 1491 2443 (Pe.
1515 2381 1598 2431 cii.
1626 2393 1703 2441 14,
1732 2393 1790 2442 15
1820 2378 1911 2446 [B.
1934 2383 2003 2430 A.
2032 2393 2107 2441 13,
2135 2377 2272 2445 14]):

602 2535 722 2596 per
758 2513 1078 2596 “lapides
1115 2511 1406 2587 Zioni3,”
1437 2533 1606 2596 quos
1640 2512 2033 2576 desiderant
2073 2513 2247 2576 servi
2276 2511 2602 2595 Jehovae,
2636 2509 2840 2574 intel·

603 2607 906 2689 liguntur
952 2604 1200 2671 Divina
1242 2627 1447 2685 vera3
1503 2624 1664 2670 nam
1710 2627 1829 2690 per
1878 2607 2287 2683 “Zionem,'’
2333 2605 2517 2688 cujus
2564 2607 2839 2670 misere·

601 2703 784 2766 bitur
816 2701 1150 2785 jehovah,
1191 2701 1600 2784 intelligitur
1637 2701 1927 2766 ecclesia
1963 2723 2137 2785 quae
2182 2701 2249 2764 in
2288 2701 2572 2766 caelesti
2608 2719 2841 2764 amore

605 2808 732 2860 est.
823 2795 1031 2879 Apud
1073 2795 1492 2872 Sachariam,

703 2932 734 2953 ‘⁴
749 2929 886 2979 Ecce
927 2929 1065 2993 lapis
1105 2944 1264 2994 quem
1307 2929 1428 2980 dedi
1467 2945 1647 2979 coram
1662 2929 1691 2950 ”
1728 2932 2007 2981 sacerdote
2045 2946 2244 2994 magno
2281 2933 2312 2956 ‘⁸
2326 2930 2645 2996 jehoschua,
2683 2946 2843 2995 super

865 2995 1039 3058 lapide
1067 3009 1176 3044 uno
1203 3005 1409 3058 septem
1435 2997 1604 3054 oculi:
1641 3010 1762 3046 ecce
1794 2995 1910 3059 Ego
1935 2997 2185 3060 sculpens
2208 2998 2531 3060 sculpturam
2560 2997 2735 3059 ejus:.
2755 3035 2767 3046 .
2788 3035 2799 3046 .
2819 3033 2832 3046 .

863 3060 920 3108 in
939 3061 1025 3109 die
1043 3060 1160 3110 illo.
1180 3098 1193 3110 .
1211 3061 1534 3111 ‚clamabitis
1547 3062 1630 3110 vir
1648 3063 1715 3111 ad
1733 3063 1939 3112 socium
1956 3077 2129 3122 suum,
2144 3065 2245 3112 sub
2262 3063 2427 3112 vitem
2444 3073 2501 3112 et
2516 3063 2620 3112 sub
2636 3062 2792 3112 ficum
2812 3059 2841 3082 '⁹

862 3125 954 3187 (iii.
979 3141 1026 3190 9,
1055 3125 1167 3188 1o):

601 3246 771 3312 haec
807 3247 893 3312 de
925 3247 1228 3312 adventu
1261 3248 1536 3312 Domini
1563 3269 1579 3326 ;
1627 3259 1698 3312 et
1733 3270 1852 3332 per
1887 3249 2303 3333 “lapidem,”
2336 3250 2575 3314 datum
2606 3269 2838 3314 coram

597 3341 989 3426 jehoschua
1041 3343 1421 3418 sacerdote,
1470 3343 1892 3425 significatur
1947 3343 2267 3407 Divinum
2324 3344 2605 3419 Verum,
2654 3345 2836 3428 quod

601 3445 707 3499 est
763 3435 1108 3500 Verbum:
1178 3441 1505 3519 “septem
1561 3437 1739 3500 oculi
1798 3439 1867 3500 in
1926 3458 2061 3501 uno
2122 3437 2395 3520 lapide”
2448 3437 2837 3520 significant

601 3529 923 3593 Divinam
977 3531 1383 3612 sapientiam
1439 3541 1511 3595 et
1565 3530 2121 3612 intelligentiam,
2167 3552 2341 3615 quae
2393 3542 2554 3594 sunt
2611 3532 2835 3596 Divini

600 3621 789 3698 Veri,
839 3626 936 3687 ita
982 3623 1232 3702 Verbi;
1291 3630 1618 3706 “septem
1636 3624 1667 3649 ’²
1712 3625 2031 3689 dicuntur
2072 3626 2161 3688 de
2206 3622 2459 3688 sanctis
2506 3624 2717 3689 Verbi
2764 3635 2834 3689 et

596 3717 951 3792 ecclesiae,
993 3727 1063 3782 et
1107 3718 1342 3782 “oculi
1368 3719 1398 3744 ’⁹
1435 3717 1823 3801 significant
1870 3719 2403 3801 intelligentiam
2448 3730 2521 3782 et
2566 3719 2833 3802 sapien—

604 3813 810 3875 tiam:
872 3811 1242 3894 “sculpere
1287 3812 1707 3896 sculpturam
1726 3812 1757 3839 ”
1793 3813 2132 3895 significat
2178 3815 2835 3897 repraesentativum

603 3915 677 3969 et
723 3905 1248 3987 significativum
1296 3905 1474 3987 ejus:
1532 3928 1652 3989 per
1699 3909 1969 3971 “vitem
1986 3906 2019 3932 ’'
2065 3918 2135 3972 et
2182 3928 2301 3991 per
2350 3906 2669 3982 “ficum,'’
2713 3908 2838 3970 sub

604 4020 773 4084 quas
810 4001 1100 4076 venturi,
1141 3999 1561 4081 significatur
1597 4001 1891 4065 ecclesia
1926 4011 1999 4065 et
2038 3999 2347 4065 doctrina
2391 4023 2483 4065 ex
2520 4002 2697 4065 veris
2733 4000 2833 4065 in·

602 4095 816 4158 ternis
852 4104 924 4157 et
961 4115 1053 4158 ex
1084 4095 1258 4158 veris
1296 4095 1645 4172 externis-»3
1691 4115 1851 4158 vera
1880 4096 2152 4159 interna
2186 4104 2347 4159 sunt
2376 4115 2551 4178 quae
2582 4113 2834 4158 vocan-

530 4263 540 4271 ‚
601 4199 712 4252 tur
741 4188 1136 4271 spiritualia,
1171 4199 1242 4250 et
1274 4208 1436 4251 vera
1467 4198 1760 4253 externa
1796 4199 1954 4252 sunt
1987 4209 2157 4272 quae
2189 4199 2523 4254 vocantur
2556 4197 2833 4254 natura-

601 4282 732 4360 lia;
801 4281 969 4346 haec
1017 4303 1138 4364 per
1186 4282 1491 4346 “ficum”
1536 4293 1607 4347 et
1654 4283 1771 4346 illa
1815 4303 1936 4366 per
1984 4285 2251 4348 “vitem
2268 4282 2299 4310 '’
2342 4282 2832 4366 significantur.

599 4377 810 4460 Apud
845 4376 1102 4453 Mosen,

699 4501 731 4523 ⁸⁸
746 4499 1010 4550 Viderunt
1025 4499 1198 4550 Deum
1215 4499 1448 4561 Israelis,
1459 4510 1514 4552 et
1531 4503 1632 4552 sub
1644 4501 1869 4564 pedibus
1886 4500 2065 4566 ipsius
2077 4501 2215 4552 sicut
2225 4516 2361 4566 opus
2372 4500 2565 4566 lapidis
2578 4501 2830 4571 sapphiri,

864 4565 1001 4616 sicut
1021 4567 1324 4618 substantia
1346 4568 1479 4618 caeli
1503 4568 1681 4634 quoad
1710 4568 2028 4618 munditiem
2042 4567 2071 4586 ''
2100 4567 2283 4630 (ΕΜ.
2309 4568 2451 4620 xxiv.
2479 4568 2562 4632 ιο)
2585 4585 2597 4618 :
