3259 5384
680 645 850 712 2166
1302 659 1804 712 ArocAwrffls
1849 659 2300 711 ExrucATA.

674 829 857 893 bona
901 839 970 894 et
1017 851 1179 894 vera
1231 829 1684 913 explicantur,
1735 851 1892 894 nam
1945 841 2108 894 tunc
2152 839 2461 896 removet
2509 851 2582 894 se
2630 829 2914 905 caelum,

679 935 749 986 et
789 925 995 988 horno
1032 925 1405 1006 sejungitur
1440 926 1529 989 ab
1565 925 1705 1000 illo,
1745 945 1835 988 ex
1875 945 2098 998 causa,
2138 934 2214 988 ut
2260 942 2460 1007 supra
2496 921 2753 987 dictum
2794 938 2918 997 est,

676 1019 831 1099 quia
855 1020 1149 1100 genuina
1172 1019 1353 1082 bona
1372 1029 1444 1082 et
1463 1039 1621 1082 vera
1651 1019 1902 1082 faciunt
1937 1037 2208 1081 sensum
2241 1017 2656 1099 spiritualem
2685 1017 2918 1090 Verbi,

676 1111 744 1173 in
790 1132 925 1193 quo
970 1113 1196 1194 angeli
1242 1112 1413 1176 caeli
1458 1121 1637 1174 sunt.
1727 1110 1830 1176 Sit
1876 1130 1998 1193 pro
2049 1111 2412 1192 exemplo:
2475 1113 2530 1174 si
2588 1112 2920 1174 Dominus

679 1225 759 1268 ac
799 1205 1117 1269 Divinum
1158 1206 1373 1287 Ipsius
1411 1217 1722 1288 negatur,
1758 1216 1831 1268 ut
1869 1203 2116 1268 fastum
2149 1217 2256 1268 est
2296 1226 2335 1268 a
2367 1205 2768 1280 pharisaeis,
2813 1207 2919 1288 qui

681 1299 1002 1362 dixerunt
1075 1299 1445 1363 Dominum
1516 1321 1607 1363 ex
1683 1299 2088 1363 Beelzebule
2153 1298 2472 1363 miracula
2543 1298 2788 1373 facere,
2847 1320 2916 1363 ac

678 1392 1097 1456 immundum
1144 1395 1451 1475 spiritum
1498 1393 1792 1472 habere3
1847 1404 1918 1457 et
1965 1394 2121 1474 quia
2164 1395 2257 1456 sic
2305 1403 2642 1476 negarunt
2691 1393 2916 1474 Ipsum

680 1497 751 1550 et
790 1487 1107 1550 Divinum
1147 1488 1385 1569 Ipsius„
1420 1489 1596 1551 dixit
1628 1488 1811 1570 quod
1851 1487 1990 1550 tale
2027 1499 2208 1551 esset
2241 1499 2598 1570 peccatum
2636 1497 2708 1551 et
2739 1488 2918 1550 blas-

679 1580 949 1663 phemia
968 1583 1031 1644 in
1054 1580 1375 1663 Spiritum
1396 1580 1728 1658 sanctum,
1751 1583 1905 1664 quia
1925 1591 2166 1646 contra
2186 1581 2490 1645 Verbum
2514 1603 2528 1644 ε
2565 1582 2919 1645 videantur

679 1676 1158 1756 praecedentia
1223 1677 1287 1739 in
1348 1675 1477 1740 illis
1537 1676 1872 1758 capitibus
1925 1677 2104 1757 apud
2149 1675 2648 1758 Evangelzlrtas.
2753 1675 2916 1740 Inde

680 1789 945 1852 quoque
969 1779 1075 1832 est
1102 1770 1281 1852 quod
1310 1768 1648 1834 Sociniani
1671 1781 1741 1832 et
1769 1769 2027 1844 Ariani,
2057 1771 2168 1852 qui
2194 1771 2468 1833 tametsi
2499 1790 2632 1833 non
2663 1781 2916 1851 negant

682 1863 1050 1927 Dominum
1114 1884 1323 1946 usque
1389 1875 1650 1944 negant
1710 1864 2028 1927 Divinum
2098 1864 2336 1945 IpsiuS,
2397 1875 2601 1927 extra
2657 1865 2914 1928 caelum

681 1958 839 2031 sint,
880 1968 949 2020 et
997 1978 1132 2021 non
1178 1959 1268 2021 ab
1312 1957 1450 2021 ulla
1486 1959 1818 2022 societate
1854 1959 2165 2037 angelica
2202 1959 2405 2038 recipi
2445 1960 2727 2040 possint.
2819 1959 2914 2022 Sit

681 2053 887 2135 etiam
926 2072 1048 2134 pro
1085 2051 1429 2133 exemplo,
1471 2053 1580 2135 qui
1625 2052 1874 2116 amoris
1913 2052 2093 2114 bona
2137 2061 2208 2116 et
2245 2053 2597 2116 charitatis
2634 2073 2838 2134 opera
2880 2073 2916 2114 a

683 2147 920 2208 mediis
966 2145 1206 2210 salutis
1251 2146 1655 2221 excludunt,
1705 2165 1784 2208 ac
1830 2145 2035 2208 fidem
2081 2147 2433 2209 exclusive
2479 2147 2569 2209 ab
2620 2145 2752 2209 illis
2799 2167 2914 2229 pro

681 2241 880 2303 unico
940 2241 1167 2304 medio
1226 2250 1601 2314 assumunt,
1665 2248 1736 2303 et
1802 2239 1974 2302 haec
2037 2238 2445 2304 confirmant
2509 2261 2647 2303 non
2715 2241 2914 2303 modo

681 2331 991 2398 doctrina
1042 2335 1163 2397 sed
1218 2335 1427 2397 etiam
1474 2334 1638 2408 vita,
1688 2333 1980 2397 dicendo
2033 2334 2260 2408 corde,
2313 2333 2566 2397 “Bona
2621 2353 2730 2398 me
2783 2353 2912 2396 non

686 2427 979 2502 salvant,
1022 2447 1146 2491 nec
1194 2427 1375 2491 mala
1420 2427 1774 2502 damnant,
1816 2428 1972 2509 quia
2008 2426 2212 2490 fidem
2259 2427 2481 2491 habeo
2505 2427 2559 2490 :”
2611 2428 2708 2490 illi
2751 2448 2912 2510 quo-

682 2542 812 2605 que
844 2522 1325 2604 blasphemant
1360 2521 1682 2604 Spiritum
1715 2519 2047 2594 sanctum,
2077 2542 2234 2585 nam
2266 2523 2634 2603 genuinum
2667 2522 2910 2585 bonum

685 2627 757 2680 et
794 2636 1028 2680 verum
1069 2615 1281 2680 Verbi
1317 2615 1702 2691 falsificant,
1743 2627 1817 2680 et
1854 2616 1983 2681 hoc
2025 2615 2210 2679 mille
2247 2617 2314 2680 in
2352 2617 2542 2692 lociS,
2586 2616 2694 2680 ubi
2731 2636 2914 2679 amor

686 2719 758 2775 et
807 2711 1105 2774 charitas
1150 2731 1228 2774 ac
1279 2709 1457 2775 sacta
1503 2721 1574 2775 et
1622 2731 1832 2793 opera
1879 2713 2336 2774 nominantur.
2428 2711 2805 2783 Praeterea,
2845 2721 2912 2772 ut

685 2825 883 2886 supra
920 2802 1171 2867 dictum
1212 2816 1341 2882 est,
1382 2806 1449 2867 in
1496 2806 1811 2867 omnibus
1855 2815 1924 2868 et
1963 2805 2248 2886 singulis
2288 2805 2498 2869 Verbi
2546 2816 2653 2868 est
2689 2804 2912 2885 conju-

684 2900 869 2980 gium
902 2899 1061 2962 boni
1094 2908 1164 2963 et
1195 2899 1356 2974 veri,
1385 2900 1481 2962 ita
1513 2898 1871 2962 charitatis
1903 2908 1974 2962 et
2007 2897 2202 2976 fidei3
2250 2919 2456 2981 quare
2481 2919 2636 2963 cum
2668 2899 2910 2962 bonum

684 3013 804 3056 seu
849 2993 1148 3056 charitas
1194 2993 1509 3068 aufertur,
1559 2994 1734 3074 perit
1779 2992 2168 3074 conjugium
2215 2993 2400 3066 illud,
2449 3003 2522 3056 et
2577 2993 2729 3056 loco
2775 2990 2910 3072 ejus

682 3086 761 3151 fit
806 3087 1251 3164 adulterium;
1310 3085 1511 3168 quale
1568 3086 1975 3150 adulterium
2030 3087 2186 3150 inde
2244 3086 2342 3162 fit,
2400 3086 2560 3149 alibi
2620 3087 2909 3150 dicetur:

570 3259 579 3264 q
684 3181 843 3244 inde
884 3191 991 3245 est
1038 3181 1218 3264 quod
1266 3201 1390 3245 nec
1438 3180 1534 3243 illi
1578 3181 1988 3262 recipiantur
2033 3181 2097 3242 in
2144 3180 2360 3244 caelo.
2451 3179 2674 3244 Causa
2715 3180 2910 3243 etiam

686 3287 815 3352 est,
857 3279 1013 3360 quia
1056 3277 1213 3340 loco
1250 3277 1499 3339 amoris
1535 3275 1854 3339 caelestis
1892 3275 2024 3338 illis
2069 3285 2176 3339 est
2223 3295 2413 3338 amor
2451 3274 2807 3348 terrestriS,
2844 3283 2912 3335 et

686 3373 841 3436 loco
874 3373 1205 3434 bonorum
1237 3390 1517 3452 operum
1550 3369 1682 3432 illis
1715 3380 1873 3433 sunt
1905 3369 2088 3434 mala
2121 3389 2349 3451 opera,
2383 3371 2538 3452 quia
2574 3391 2662 3433 ex
2694 3387 2912 3432 amore

687 3469 1012 3540 terrestri,
1037 3467 1146 3548 qui
1172 3475 1527 3546 separatus
1552 3464 1641 3526 ab
1660 3483 1893 3527 amore
1914 3463 2195 3528 caelesti
2223 3474 2329 3527 est
2357 3483 2547 3527 amor
2565 3463 2911 3527 infernalis·

686 3561 916 3626 Aliter
948 3581 1111 3624 vero
1157 3559 1233 3623 fit
1279 3579 1431 3622 cum
1472 3558 1603 3621 illis
1642 3559 1754 3640 qui
1797 3559 2068 3640 quidem
2116 3579 2207 3621 ex
2252 3555 2564 3622 doEtrina
2596 3558 2912 3621 ecclesiae

686 3670 756 3722 et
790 3679 881 3722 ex
914 3657 1258 3738 magistris
1290 3655 1577 3718 credunt
1607 3653 1814 3717 fidem
1847 3673 1996 3717 esse
2030 3654 2298 3716 unicum
2335 3655 2632 3717 medium
2663 3652 2907 3722 salutiS‚

688 3762 807 3817 aut
855 3755 965 3836 qui
1010 3753 1255 3824 sciunt,
1305 3759 1377 3812 et
1430 3768 1569 3812 non
1624 3749 1908 3811 interius
1952 3747 2295 3811 affirmant
2342 3767 2468 3812 nec
2526 3757 2800 3829 negant,
2841 3755 2910 3808 et

688 3869 897 3931 usque
934 3848 1170 3910 vivunt
1208 3846 1381 3908 bene
1422 3865 1511 3906 ex
1554 3841 1809 3917 Verbo,
1851 3843 1982 3906 hoc
2023 3853 2152 3916 est,
2189 3844 2344 3925 quia
2381 3843 2773 3905 mandatum
2809 3851 2909 3902 est

686 3964 729 4006 a
767 3942 1065 4005 Domino
1103 3942 1169 4004 in
1210 3938 1484 4016 Verbo;
1532 3937 1629 4000 illi
1668 3957 1806 4000 non
1845 3937 2330 4019 blasphemant
2369 3936 2690 4018 Spiritum
2727 3952 2910 3998 sanc·

689 4048 859 4113 tum,
895 4056 1030 4100 non
1070 4037 1249 4098 enim
1286 4033 1682 4096 adulterant
1719 4032 1901 4097 bona
1939 4030 2172 4108 Verbi,
2207 4051 2333 4094 nec
2373 4031 2730 4095 falsificant
2765 4047 2912 4090 vera

688 4133 851 4214 ejuS,
892 4152 1096 4214 quare
1135 4126 1521 4210 conjunctio
1560 4147 1795 4190 eorum
1834 4136 1941 4190 est
1979 4147 2134 4191 cum
2166 4125 2434 4208 angelis
2472 4125 2680 4190 caeli:
2727 4121 2906 4206 pauci

688 4227 897 4290 etiam
956 4245 1047 4289 ex
1102 4224 1232 4287 illis
1287 4224 1512 4287 sciunt
1564 4222 1748 4304 quod
1803 4220 1969 4285 fides
2014 4221 2198 4284 aliud
2252 4222 2341 4284 sit
2395 4241 2597 4303 quam
2651 4217 2908 4282 credere

688 4319 924 4384 Verbo
949 4341 964 4398 ;
1003 4321 1259 4402 dogma
1283 4317 1788 4400 justificationis
1814 4336 1932 4398 per
1956 4316 2174 4379 solam
2201 4315 2404 4380 fidem
2431 4317 2684 4398 absque
2703 4311 2906 4394 operi-

689 4415 815 4480 bus
853 4413 1025 4496 legis
1064 4433 1201 4476 non
1236 4413 1536 4496 capiunt,
1573 4412 1729 4494 quia
1762 4410 2190 4474 transcendit
2222 4429 2453 4473 eorum
2486 4403 2908 4473 intellectum.

692 4508 885 4572 Haec
947 4508 1105 4572 bina
1162 4505 1487 4588 exempla
1545 4503 1841 4568 adducta
1906 4515 2088 4580 sunt,
2148 4513 2221 4569 ut
2287 4504 2540 4568 sciatur
2597 4501 2748 4585 quid
2801 4517 2911 4579 per

694 4601 1162 4688 ff‘peccatum”
1198 4611 1270 4666 et
1314 4599 1870 4683 “blasphemiam
1887 4598 1919 4623 ”
1945 4609 2199 4663 contra
2246 4597 2572 4682 Spiritum
2617 4589 2904 4660 sanetum
