3259 5384
932 673 1090 724 cAP.
1124 674 1277 739 xu„
1312 675 1521 728 vERs.
1563 675 1820 729 12-.--N.
1850 677 1889 746 7
1899 677 1995 748 54.
2366 672 2370 676 ’
2407 677 2570 746 2125

359 839 452 904 At
495 861 653 906 vera
697 851 765 905 et
813 842 995 908 bona
1036 843 1406 926 spiritualia
1456 845 1525 908 in
1576 866 1700 910 sua
1751 847 2048 910 essentia
2092 855 2250 910 sunt
2294 866 2455 911 vera
2505 855 2577 910 et

358 934 544 1009 bona,
593 937 749 1018 quia
792 937 973 1000 bona
1016 948 1174 1002 sunt
1213 937 1674 1019 jucunditates
1719 942 2168 1006 scaturientes
2212 963 2302 1004 ex
2348 961 2578 1006 amore

356 1028 417 1091 in
462 1029 825 1095 Dominum
878 1043 948 1096 et
1002 1053 1092 1096 ex
1144 1053 1375 1097 amore
1426 1053 1590 1116 erga
1637 1035 2045 1116 proximum,
2094 1045 2166 1099 et
2210 1056 2370 1100 vera
2422 1044 2578 1100 sunt

357 1143 516 1208 quae
550 1123 669 1187 illa
705 1125 885 1191 bona
915 1126 1211 1206 doeent;
1257 1136 1329 1191 et
1361 1129 1517 1210 quia
1550 1129 1718 1193 haec
1752 1150 1912 1193 vera
1948 1139 2019 1192 et
2056 1130 2239 1193 bona
2269 1150 2387 1212 per
2423 1149 2579 1193 cae-

356 1216 483 1282 lum
520 1240 608 1282 ex
644 1219 941 1298 Domino
973 1230 1153 1298 sunt,
1186 1222 1342 1285 ideo
1372 1233 1703 1287 vocantur
1734 1224 2126 1306 spiritualia,
2141 1228 2366 1294 ‘omne
2399 1225 2579 1290 enim

354 1311 417 1375 id
459 1313 637 1396 quod
684 1315 992 1396 procedit
1037 1336 1125 1382 ex
1175 1316 1473 1382 Domino
1516 1317 1864 1399 spirituale
1909 1329 2231 1384 vocatur:
2287 1327 2357 1383 et
2411 1338 2580 1400 quo-

357 1407 526 1470 niam
561 1407 767 1472 homo
797 1409 963 1472 haec
998 1430 1157 1476 vera
1184 1403 1263 1479 'et
1303 1411 1481 1474 bona
1512 1431 1650 1474 non
1687 1413 1983 1493 recipere
2016 1422 2270 1494 potest,
2304 1412 2429 1476 nisi
2465 1409 2584 1476 illa

356 1502 578 1570 credat
624 1511 696 1566 et
741 1501 859 1566 illa
900 1503 1123 1580 faciat,
1162 1503 1316 1568 ideo
1360 1504 1655 1580 additur,
1694 1527 1860 1588 quae
1902 1516 2062 1570 sunt
2083 1505 2264 1589 fidei
2297 1515 2364 1570 et
2405 1503 2586 1570 vitae

355 1616 432 1657 ex
486 1595 740 1660 Verbo:
797 1596 1023 1660 vivere
1068 1617 1157 1662 ex
1205 1597 1439 1664 Verbo
1490 1610 1595 1663 est
1643 1601 1866 1662 vivere
1911 1621 2002 1662 ex
2059 1600 2374 1674 Domino,
2423 1618 2582 1662 nam

359 1689 679 1754 Dominus
732 1702 836 1754 est
894 1692 963 1754 in
1019 1690 1273 1767 Verb0,
1329 1693 1539 1756 immo
1592 1703 1699 1758 est
1753 1693 2077 1758 Verbum.
2169 1693 2366 1758 Nunc
2427 1693 2585 1775 quia

356 1805 504 1850 vera
534 1795 607 1850 et
638 1785 819 1848 bona
850 1805 1032 1850 mere
1064 1787 1417 1866 naturalia,
1446 1809 1619 1870 quae
1651 1789 1718 1852 in
1750 1809 1872 1854 sua
1900 1789 2194 1854 essentia
2224 1797 2383 1850 sunt
2414 1785 2584 1851 falsa

357 1889 423 1943 et
457 1877 655 1955 mala,
695 1900 967 1961 prorsus
1004 1881 1319 1962 opposita
1354 1892 1513 1946 sunt
1550 1884 1724 1946 veris
1763 1893 1832 1946 et
1871 1883 2066 1946 bonis
2101 1881 2578 1964 spiritualibus,

358 1993 517 2054 quae
554 1975 621 2038 in
660 1995 782 2037 sua
818 1977 1115 2039 essentia
1152 1984 1310 2039 sunt
1349 1997 1507 2040 vera
1542 1986 1613 2040 et
1661 1976 1862 2051 bona,
1903 1977 2058 2040 ideo
2094 1975 2424 2050 diabolus,
2464 1995 2584 2056 per

358 2087 549 2150 quern
578 2067 983 2150 intelligitur
1014 2069 1364 2145 infernum,
1399 2071 1467 2134 in
1502 2073 1830 2136 continuo
1859 2071 2018 2134 odio
2054 2080 2159 2135 est
2192 2079 2432 2137 contra
2461 2089 2580 2134 ea:

358 2162 503 2226 inde
533 2171 641 2225 est
672 2164 854 2246 quod
884 2185 975 2226 ex
1009 2163 1281 2228 infernis
1312 2165 1466 2228 odia
1496 2165 1658 2229 varii
1688 2165 1958 2246 generis
1989 2167 2315 2228 continuo
2345 2181 2582 2228 ascen·

360 2255 536 2331 dant,
584 2266 654 2320 et
702 2258 993 2320 vicissim
1039 2277 1129 2320 ex
1182 2257 1387 2321 caelis
1432 2277 1697 2322 amores
1743 2257 2122 2339 spirituales
2167 2259 2375 2322 etiam
2421 2258 2618 2327 varii,

359 2352 615 2430 generis
644 2351 1109 2430 descendant;
1157 2360 1227 2415 et
1259 2352 1442 2433 quod
1472 2353 1651 2416 int-er
1675 2353 1832 2416 odia
1864 2353 2268 2417 infernorum
2299 2362 2374 2418 et·
2409 2353 2590 2415 inter·
2677 2423 2692 2432 ,

360 2461 613 2508 amores
636 2444 981 2508 caelorum
1004 2446 1090 2508 sit
1116 2444 1600 2528 aequilibrium,
1628 2447 1696 2510 in
1728 2466 1862 2529 quo
1895 2447 2201 2510 homines
2231 2447 2299 2508 in
2329 2446 2584 2510 mundo

360 2547 688 2613 tenentur,
724 2539 815 2602 ob
854 2558 1125 2604 causam
1164 2549 1238 2602 ut
1276 2559 1365 2604 ex
1406 2539 1619 2604 libero
1650 2540 2022 2604 secundum
2056 2541 2388 2604 rationem
2427 2559 2584 2621 pos·

360 2631 483 2696 sint
528 2652 773 2713 agere:
830 2643 1243 2715 quapropter
1278 2635 1393 2715 qui
1440 2653 1575 2698 non
1619 2635 1856 2700 vivunt
1903 2655 1992 2698 ex
2032 2634 2288 2710 Verb0,
2327 2635 2446 2698 sed
2492 2653 2582 2698 ex

360 2726 623 2800 mund0‚
678 2725 775 2789 illi
829 2727 983 2809 quia
1036 2726 1385 2796 naturales,
1431 2738 1734 2803 manent,
1791 2729 2120 2810 recipiunt
2175 2749 2266 2794 ex
2323 2729 2587 2795 inferno

360 2817 526 2882 mala
578 2828 649 2883 et
701 2819 861 2883 inde
914 2819 1098 2894 falsa,
1154 2830 1225 2884 et
1285 2842 1375 2884 ex
1437 2821 1565 2884 illis
1619 2823 2010 2903 concipiunt
2065 2822 2293 2886 odium
2346 2833 2586 2886 contra

360 2932 507 2975 vera
534 2923 606 2977 et
638 2914 821 2977 bona
852 2913 1240 2995 spiritualia.
1331 2912 1579 2978 Odium
1607 2915 1878 2998 quidem
1905 2915 2171 2979 illorum
2204 2937 2341 2980 non
2375 2936 2585 2999 appa-

362 3016 455 3072 ret
487 3008 553 3070 in
586 3008 864 3084 mund0‚
900 3009 1053 3090 quia
1086 3009 1257 3072 latet
1290 3011 1470 3073 intus
1502 3011 1567 3073 in
1602 3011 1838 3091 spiritu
1869 3031 2101 3074 eorum
2134 3011 2581 3086 reconditum,

361 3109 427 3163 at
470 3101 942 3166 manifestatur·
978 3111 1133 3183 post
1181 3113 1494 3178 mortem,
1536 3104 1810 3185 quando
1849 3104 2120 3186 spiritus
2157 3103 2326 3168 fiunt
2349 3125 2366 3184 3
2423 3115 2583 3171 tunc

362 3207 591 3276 contra
634 3195 789 3260 illos
826 3198 937 3278 qui
982 3198 1047 3260 in
1093 3199 1271 3259 veris
1312 3209 1385 3260 et
1431 3197 1627 3261 bonis
1672 3197 2130 3278 spiritualibus
2165 3209 2344 3274 sunt,
2385 3209 2586 3263 tanto

362 3290 506 3354 odio
540 3290 832 3372 flagrant
879 3301 953 3354 ut
1000 3311 1136 3354 non
1174 3291 1463 3357 describi
1500 3291 1757 3374 possit;
1812 3302 1918 3356 est
1955 3294 2183 3356 odium
2219 3294 2582 3358 interneci-

362 3404 546 3448 num:
612 3395 687 3447 ut
735 3386 1020 3466 primum
1064 3385 1245 3448 enim
1290 3385 1527 3448 vident
1572 3386 1915 3467 angelum,
1965 3388 2076 3468 qui
2122 3388 2188 3450 in
2235 3387 2365 3450 illis
2411 3389 2586 3450 veris

362 3488 427 3542 et
466 3480 661 3543 bonis
706 3488 833 3554 est,
882 3480 1091 3542 immo
1134 3479 1190 3542 si
1234 3480 1441 3543 modo
1486 3480 1769 3546 audiunt
1817 3483 2145 3545 nominari
2192 3481 2581 3559 Dominum,

362 3593 399 3638 a
428 3594 557 3656 quo
595 3573 713 3638 illa
744 3594 902 3636 vera
937 3583 1008 3638 et
1052 3575 1235 3641 bona
1269 3585 1449 3648 sunt,
1489 3573 1674 3638 illico
1712 3575 1778 3637 in
1816 3574 2070 3638 furores
2107 3576 2241 3640 odii
2279 3577 2581 3651 veniunt,

362 3685 433 3729 ac
468 3667 630 3731 nihil
660 3667 1015 3749 jucundius
1052 3670 1357 3732 sentiunt
1393 3688 1595 3750 quam
1628 3671 1936 3750 persequi
1973 3669 2144 3743 illos,
2185 3669 2584 3734 malefacere

362 3758 517 3839 illis3
564 3770 637 3825 et
668 3763 824 3845 quia
855 3781 991 3825 non
1025 3761 1363 3825 trucidare
1385 3779 1627 3843 corpus
1653 3780 1884 3825 eorum
1919 3771 2223 3843 possunt,
2251 3762 2584 3844 flagrante

363 3855 551 3918 corde
597 3856 935 3920 trucidare
981 3857 1274 3922 animam
1327 3875 1557 3922 eorum
1602 3867 1956 3922 conantur.
2049 3855 2254 3939 Quod
2299 3859 2581 3934 dicatur,

366 3946 561 4013 “Vae
595 3949 1065 4012 habitantibus
1102 3960 1354 4013 terram
1390 3960 1463 4015 et
1508 3969 1716 4024 mare,
1757 3951 1912 4033 quia
1953 3951 2310 4015 descendit
2348 3952 2585 4016 diabo-

362 4037 457 4104 lus
498 4043 583 4106 ad
620 4063 763 4118 VOS,
804 4042 1063 4108 habens
1108 4045 1274 4108 iram
1312 4044 1696 4125 magnam,”
1733 4055 1840 4108 est
1876 4047 2032 4128 quia
2077 4055 2233 4128 post
2271 4043 2583 4110 ultimum

356 4133 663 4214 judicium
728 4147 949 4201 status
1014 4138 1248 4200 mundi
1310 4137 1671 4220 spiritualis
1738 4159 2008 4221 prorsus
2069 4150 2370 4204 mutatus
2438 4150 2584 4218 est;

363 4239 509 4303 ante
540 4230 705 4295 illud
734 4231 1057 4317 judicium
1081 4231 1477 4315 permissum
1502 4231 1623 4295 fuit
1649 4231 1778 4295 illis
1810 4235 1920 4318 qui
1957 4233 2223 4296 civilem
2256 4243 2326 4296 et
2360 4252 2582 4297 mora-

364 4321 484 4386 lem
521 4325 731 4387 vitam
770 4327 837 4388 in
876 4325 1177 4388 externis
1215 4336 1582 4407 potuerunt
1622 4346 1846 4407 agere,
1889 4327 2165 4390 tametsi
2210 4347 2344 4390 non
2391 4327 2585 4408 spiri-

364 4415 567 4481 tuales
626 4427 880 4493 essent,
944 4418 1067 4481 sibi
1127 4429 1449 4504 tanquam
1511 4419 1738 4482 caelos
1797 4419 2108 4494 formare,
2172 4430 2241 4485 et
2309 4419 2398 4483 ibi
2463 4419 2582 4482 frui

364 4510 810 4594 voluptatibus
864 4512 1168 4595 qualibus
1228 4514 1294 4576 in
1356 4513 1651 4592 mundo;
1718 4524 1790 4584 at
1851 4525 2213 4596 postquam
2269 4512 2581 4577 ultimum

358 4601 658 4683 judicium
705 4601 1054 4689 peractum
1106 4617 1233 4683 est,
1283 4616 1445 4672 tunc
1500 4626 1635 4671 non
1689 4607 1975 4691 amplius
2021 4607 2088 4670 id
2136 4608 2578 4690 permittitur,
