3259 5384
550 640 721 724 2196
1170 649 1676 703 APOCALYPSIS
1719 647 2175 702 EXPLICATA.

550 821 731 904 apud
770 821 1085 898 eundem,

650 939 681 960 ‘⁴
696 934 784 986 Illi
806 937 1019 986 iverunt
1038 943 1162 998 post
1184 935 1319 985 deos
1341 934 1477 985 alios
1500 935 1570 984 ad
1592 933 1938 985 serviendum
1956 933 2064 984 illis
2077 931 2107 954 '⁹
2123 933 2214 994 (xi.
2233 945 2326 994 τος
2360 931 2546 982 Deutr.
2561 931 2680 982 viii.
2701 931 2820 994 19);

454 1147 460 1152 ᾗ
556 1063 739 1148 apud
771 1063 1026 1140 Mosen,

650 1177 1336 1304 «ινίι-υὲιιξιξιιῖἒὶνεῖἰῑιροὲἷ
1365 1175 1738 1240 Baalpeorem,
1763 1177 1949 1240 perdet
1970 1173 2215 1242 Jehovah
2243 1174 2390 1226 Deus
2414 1183 2538 1224 tuus
2563 1188 2596 1223 e
2621 1173 2817 1222 medio

877 1258 894 1291 1
1040 1259 1103 1292 eu
1128 1259 1167 1293 r.
1187 1257 1256 1293 ιν.
1343 1260 1355 1293 :

552 1385 711 1448 inde
743 1395 939 1468 patet
986 1385 1167 1468 quod
1210 1386 1361 1450 “ire
1397 1394 1555 1467 post
1574 1384 1604 1409 ”
1641 1383 1936 1467 aliquem
1968 1382 2308 1466 significet
2353 1382 2544 1466 sequi
2582 1379 2810 1455 illum,

553 1480 831 1544 obedire
856 1479 975 1555 illi,
998 1480 1219 1544 facere
1244 1501 1335 1544 ex
1362 1479 1503 1554 illo,
1530 1499 1609 1544 ac
1637 1480 1864 1543 vivere
1890 1499 1982 1542 ex
2007 1477 2127 1542 illo
2155 1500 2170 1556 3
2211 1479 2420 1542 etiam
2449 1483 2488 1510 ‘⁸
2505 1473 2812 1542 mambu-

553 1573 694 1637 lare
715 1573 745 1598 ”
783 1573 1121 1655 signifieat
1167 1576 1433 1638 vivere:
1496 1594 1587 1638 ex
1643 1573 1750 1638 his
1801 1583 2124 1638 constare
2167 1583 2404 1655 potest
2449 1571 2640 1654 quod
2689 1590 2814 1652 per

558 1669 931 1732 “admirari
959 1679 1117 1751 post
1151 1669 1445 1733 bestiam
1466 1668 1496 1692 ”
1520 1666 1942 1750 significetur
1965 1669 2360 1749 acceptatio
2390 1677 2462 1732 et
2492 1665 2811 1748 receptio

555 1783 647 1826 ex
684 1765 1123 1845 persuasione
1167 1764 1351 1845 quod
1396 1762 1869 1826 discordantia
1913 1781 2067 1825 cum
2107 1760 2344 1826 Verbo
2387 1768 2814 1843 apparenter

555 1855 875 1921 submota
898 1858 1009 1920 sit.
1100 1854 1305 1939 Quod
1336 1855 1756 1938 significetur
1781 1857 2172 1937 acceptatio
2203 1855 2293 1919 ab
2322 1853 2808 1920 eruditioribus

554 1960 627 2014 et
664 1951 970 2033 receptio
1015 1971 1053 2014 e
1101 1950 1477 2032 longinquo
1521 1971 1562 2014 a
1607 1952 1828 2014 minus
1865 1949 2171 2025 eruditiS,
2210 1958 2318 2014 est
2355 1949 2512 2032 quia
2555 1947 2810 2012 eruditi

554 2041 1071 2126 conjuantiones
1114 2043 1271 2108 fidei
1318 2062 1472 2108 cum
1517 2045 1662 2110 vita
1707 2043 1870 2125 ejuS,
1918 2065 2094 2128 quae
2137 2053 2297 2108 sunt
2344 2044 2526 2107 bona
2565 2059 2806 2124 opera,

552 2139 983 2214 invenerunt,
1010 2149 1083 2202 at
1120 2139 1341 2202 minus
1372 2139 1641 2214 eruditi,
1675 2139 1832 2220 quia
1857 2139 2358 2202 discordantias
2391 2156 2528 2200 non
2551 2147 2807 2220 potue·

555 2243 713 2297 runt
745 2233 1028 2296 interius
1060 2234 1308 2309 rimari,
1344 2234 1625 2316 quisque
1663 2233 2038 2296 secundum
2069 2252 2263 2320 suum
2302 2241 2580 2314 captum
2615 2249 2807 2294 rece-

554 2336 801 2408 perunt
825 2348 840 2404 ;
872 2326 1031 2390 inde
1051 2327 1119 2390 id
1138 2327 1413 2409 dogma,
1438 2326 1620 2410 quod
1643 2326 1790 2391 sola
1811 2326 1980 2391 fides
1999 2327 2087 2390 sit
2107 2325 2482 2392 essentiale
2501 2325 2808 2388 medium

556 2420 821 2495 salutis,
856 2422 923 2484 in
958 2421 1270 2484 universa
1302 2430 1483 2485 terra
1515 2441 1633 2485 seu
1673 2420 1989 2485 Ecclesia
2025 2420 2416 2485 Christiana
2446 2429 2807 2501 receptum

524 2517 683 2578 est.
775 2514 1013 2578 Paucis
1050 2516 1265 2578 etiam
1298 2515 1563 2579 dicetur
1592 2515 1942 2599 quomodo
1978 2511 2198 2598 caput'
2223 2515 2400 2580 illius
2433 2513 2809 2596 religioniS,

553 2609 737 2692 quod
776 2611 843 2672 in
882 2609 1029 2673 sola
1066 2607 1200 2674 fide
1242 2611 1329 2674 sit
1370 2611 1689 2686 salvati0,
1723 2619 1795 2674 et
1829 2629 1967 2674 non
2005 2611 2306 2673 inbonis
2343 2608 2687 2692 operibus,
2722 2609 2812 2673 ad

554 2706 1025 2786 apparentiam
1052 2705 1451 2770 submotum
1484 2707 1595 2778 sit,
1622 2715 1696 2770 et
1729 2705 1886 2768 inde
1912 2704 2002 2768 ab
2029 2705 2311 2768 eruditis
2341 2714 2812 2787 acceptatum.

559 2797 653 2862 Hi
684 2799 863 2862 enim
898 2801 1304 2864 invenerunt
1329 2800 1581 2882 gradus
1607 2800 2102 2883 progressionis
2134 2797 2288 2862 fidei
2313 2800 2399 2863 ad
2432 2800 2614 2864 bona
2639 2821 2817 2884 ope-

554 2913 649 2967 ra,
684 2914 855 2976 quos
886 2904 1141 2958 vocant
1176 2896 1430 2977 gradus
1456 2894 2006 2976 justificationis:
2045 2893 2351 2976 primum
2379 2895 2668 2977 gradum
2709 2895 2813 2960 fa-

555 2989 743 3052 ciunt
775 2989 1195 3053 auditionem
1228 3009 1268 3054 a
1300 2991 1651 3072 magistris
1681 2999 1753 3052 et
1788 3011 1829 3053 a
1860 2990 2480 3072 praedicatoribus:
2519 2988 2822 3054 alterum

556 3082 841 3165 gradum
874 3083 1129 3148 faciunt
1162 3084 1717 3149 informationem
1751 3105 1842 3148 ex
1876 3082 2114 3148 Verbo
2143 3084 2326 3166 quod
2359 3085 2457 3146 ita
2490 3085 2617 3148 sit:
2667 3093 2817 3150 ter-

556 3178 723 3241 tium
747 3179 1034 3260 gradum
1060 3179 1317 3243 faciunt
1340 3181 1768 3262 agnitionem
1797 3200 1814 3258 3
1860 3189 1934 3244 et
1966 3181 2122 3261 quia
2147 3199 2284 3242 non
2305 3179 2556 3262 aliquid
2579 3180 2820 3244 eccle·-

555 3273 696 3336 siae
749 3273 955 3336 corde
1009 3275 1291 3354 agnosci
1340 3282 1598 3356 potest,
1648 3275 1775 3337 nisi
1831 3273 2202 3356 praecedat
2238 3275 2592 3362 tentatie,
2649 3275 2822 3338 ideo

554 3367 708 3432 huic
742 3368 981 3449 gradui
1012 3367 1200 3432 illam
1232 3369 1614 3450 adjungunt
1639 3390 1656 3447 ;
1703 3379 1775 3433 et
1809 3369 1864 3432 si
1895 3369 2120 3444 dubia,
2156 3389 2330 3452 quae
2361 3377 2526 3433 tunc
2559 3369 2820 3434 obver-

558 3473 818 3538 santur,
845 3483 935 3526 ex
958 3462 1193 3527 Verbo
1216 3474 1335 3526 aut
1362 3464 1833 3546 praedicatore
1860 3464 2341 3540 discutiuntur,
2368 3473 2441 3528 et
2473 3465 2568 3528 sic
2595 3463 2822 3530 homo

555 3557 791 3634 vincit,
835 3558 1070 3621 dicunt
1109 3558 1289 3640 quod
1338 3559 1595 3622 homini
1643 3559 1733 3621 sit
1779 3557 2046 3632 fiducia,
2087 3579 2262 3641 quae
2307 3568 2415 3622 est
2461 3559 2822 3624 certitudo

557 3652 740 3734 quod
765 3653 864 3716 ita
884 3653 994 3728 sit,
1013 3663 1083 3716 et
1107 3672 1373 3735 quoque
1400 3651 1819 3716 confidentia
1844 3653 2024 3735 quod
2045 3673 2168 3736 per
2185 3653 2502 3716 meritum
2529 3653 2818 3717 Domini

558 3746 954 3826 salventur;
1002 3748 1124 3812 sed
1167 3750 1325 3830 quia
1368 3747 1595 3821 dubia,
1635 3767 1808 3830 quae
1854 3749 1922 3811 in
1971 3748 2360 3812 tentatione
2406 3748 2814 3822 obveniunt,

559 3843 918 3923 praecipue
950 3852 1109 3906 sunt
1144 3863 1234 3904 ex
1268 3861 1405 3904 non
1444 3838 1804 3905 intellesto
1827 3841 2082 3917 Verb0,
2118 3843 2229 3905 ubi
2268 3843 2478 3905 toties
2513 3839 2819 3918 “saftass'

562 3937 887 4017 “opera,”
916 3943 955 4006 ⁴⁶,
973 3936 1241 4001 facere”
1260 3947 1333 4000 et
1360 3942 1398 3969 ‘⁴
1421 3938 1686 4018 operari
1706 3936 1736 3960 ”
1761 3936 2100 4012 dicuntur,
2129 3937 2366 4001 dicunt
2393 3936 2573 4020 quod
2599 3936 2816 4001 intel-

558 4029 777 4095 lectus
824 4031 950 4095 sub
994 4031 1387 4095 obedientia
1430 4029 1587 4094 fidei
1624 4027 2066 4096 refrenandus
2111 4033 2241 4095 sit:
2297 4032 2456 4095 inde
2501 4033 2816 4114 sequitur

560 4136 844 4209 quartus
889 4125 1161 4207 gradus,
1213 4127 1324 4208 qui
1372 4135 1478 4190 est
1526 4136 1818 4189 conatus
1863 4125 2152 4189 faciendi
2198 4127 2493 4205 bonum3
2556 4128 2626 4189 in
2672 4146 2814 4209 quo

560 4221 965 4293 subsistunt,
1019 4220 1329 4283 dicentes
1378 4220 1562 4302 quod
1622 4218 1835 4283 homo
1899 4239 2057 4282 curn
2117 4221 2204 4284 ad
2271 4220 2449 4284 hunc
2518 4221 2811 4302 gradum

562 4316 893 4396 pervenit,
928 4313 1338 4395 justificatus
1391 4316 1502 4389 sit,
1549 4323 1622 4377 et
1669 4312 1852 4400 quod
1907 4323 2070 4378 tunc
2130 4317 2361 4378 omnia
2419 4313 2574 4378 affta
2619 4317 2810 4380 vitae

559 4408 703 4491 ejus
758 4409 909 4472 Deo
966 4418 1254 4492 accepta
1310 4409 1471 4484 sint,
1519 4417 1591 4472 et
1638 4408 1821 4490 quod
1881 4409 2063 4471 mala
2107 4410 2293 4473 vitae
2351 4431 2392 4474 a
2453 4409 2606 4473 Deo
2667 4431 2810 4474 non

561 4504 943 4579 videantur,
984 4505 1139 4587 quia
1176 4504 1676 4567 condonantur.
1773 4501 1965 4566 Haec
2013 4501 2403 4584 conjunctio
2449 4503 2606 4569 fidei
2653 4525 2812 4570 cum

561 4598 758 4662 bonis
789 4598 1105 4681 operibus
1135 4599 1417 4662 inventa
1440 4606 1548 4662 est
1580 4597 1670 4661 ab
1699 4598 2004 4673 eruditiS,
2033 4607 2105 4661 et
2138 4618 2408 4682 quoque
2439 4607 2811 4684 acceptata
