3259 5384
605 611 776 693 2306
950 608 954 613 ’
1225 623 1729 678 APOCALYPSIS
1774 625 2229 680 EXPLICATA.

727 789 858 874 [Ε]
921 791 1269 874 Quoniam
1300 791 1399 855 illi
1429 793 1542 874 qui
1573 793 1642 856 in
1673 793 1851 856 veris
1884 813 1974 856 ex
2005 793 2191 856 bono
2214 791 2467 856 amoris
2496 791 2567 854 in
2598 791 2859 855 Domi-

605 878 765 948 tium
819 894 998 959 sunt,
1047 905 1165 949 seu
1217 885 1284 948 in
1337 883 1647 948 doctrina
1688 907 1779 950 ex
1812 886 1967 960 illis,
1995 885 2688 968 repraesentabantur
2734 902 2861 965 per

605 977 900 1054 Petrum,
941 987 1012 1042 et
1049 978 1143 1042 illi
1179 987 1340 1043 sunt
1377 981 1488 1063 qui
1525 980 1867 1044 instruent
1904 979 2093 1054 alios,
2126 980 2283 1045 ideo
2318 979 2497 1042 dixit
2532 979 2621 1040 ad
2658 977 2861 1040 illum

604 1072 958 1148 Dominus,
981 1073 1256 1156 quando
1279 1074 1630 1156 respondit
1648 1074 1830 1156 quod
1856 1083 2117 1138 amaret
2150 1073 2403 1154 Ipsum,
2425 1073 2609 1154 quod
2632 1077 2676 1104 ‘⁸
2696 1090 2857 1154 pas-

603 1175 785 1230 ceret
819 1186 1036 1248 agnos
1066 1177 1139 1231 et
1171 1187 1334 1231 oves
1367 1168 1584 1248 Ipsius
1608 1168 1659 1246 ;”
1706 1168 1789 1232 de
1828 1168 2066 1250 quibus
2100 1169 2201 1232 ita
2230 1167 2409 1249 apud
2440 1167 2856 1240 Johannem,

709 1311 738 1334 ‘⁴
755 1303 1072 1374 Postquam.
1093 1349 1106 1360 .
1119 1311 1300 1374 pransi
1320 1320 1462 1368 sunt,
1480 1311 1609 1361 dicit
1627 1310 1786 1376 Jesus
1807 1311 2015 1361 Simoni
2037 1309 2214 1370 Petro,
2234 1310 2422 1360 Simon
2436 1309 2604 1424 {ona
2624 1322 2859 1359 amasne

872 1375 964 1426 Me
1005 1376 1125 1439 plus
1167 1389 1327 1440 quam
1365 1377 1500 1427 hos?
1566 1376 1712 1426 Dicit
1755 1377 1881 1440 Ipsi,
1921 1377 2111 1435 Immo,
2152 1376 2401 1434 Domine,
2485 1390 2520 1423 u
2559 1375 2667 1424 seis
2708 1374 2861 1437 quod

867 1455 1045 1492 amem
1065 1441 1145 1492 Te
1167 1458 1179 1491 ε
1215 1441 1345 1492 dicit
1368 1442 1459 1501 illi,
1484 1441 1653 1492 Pasce
1670 1457 1844 1504 agnos
1862 1457 2032 1492 meos.
2101 1441 2245 1491 Dicit
2267 1441 2343 1492 illi
2368 1442 2559 1492 iterum
2572 1477 2585 1489 .
2604 1477 2643 1498 .,
2663 1439 2859 1489 Simon

866 1506 1023 1570 Jona,
1048 1521 1269 1556 amasne
1298 1505 1426 1557 Me?
1483 1505 1625 1556 Dicit
1652 1506 1779 1569 Ipsi,
1800 1507 1975 1556 Immo
2003 1507 2250 1564 Domine,
2270 1505 2353 1556 Tu
2378 1507 2484 1555 scis
2508 1505 2650 1567 quod
2674 1518 2858 1553 amem

871 1571 980 1622 Te:
1023 1573 1150 1622 dicit
1185 1572 1278 1630 illi,
1307 1571 1475 1621 Pasce
1509 1587 1643 1622 oves
1679 1587 1841 1622 meas.
1916 1571 2057 1621 Dicit
2090 1572 2167 1620 illi
2203 1571 2435 1628 tertium,
2470 1571 2657 1620 Simon
2696 1569 2857 1633 jona,

865 1651 1092 1686 amasne
1109 1636 1237 1687 Me?
1276 1636 1643 1686 Contristatus
1658 1649 1742 1686 est
1762 1637 1965 1695 Petrus,
1982 1638 2109 1701 quia
2120 1638 2254 1686 dunt
2268 1637 2345 1685 illi
2362 1635 2593 1693 tertium,
2607 1635 2859 1684 Amasne

871 1701 997 1752 Me?
1031 1701 1151 1751 ideo
1175 1703 1303 1750 dicit
1325 1701 1419 1760 illi,
1447 1701 1698 1760 Domine,
1724 1702 1809 1752 Tu
1833 1703 2015 1750 omnia
2038 1701 2198 1760 nosti,
2218 1701 2304 1750 Tu
2334 1701 2479 1750 nosti
2503 1700 2646 1764 quod
2668 1712 2857 1748 amem

866 1767 976 1827 Te:
1011 1767 1138 1816 dicit
1161 1766 1236 1816 illi
1260 1767 1435 1831 jesus,
1466 1767 1633 1818 Pasce
1658 1782 1791 1816 oves
1815 1765 2007 1816 meas'⁸
2032 1767 2161 1829 (xxi.
2196 1766 2401 1828 15-17):

608 1936 698 1980 ex
735 1915 840 1980 his
871 1916 1224 1981 manifeste
1256 1926 1448 1998 patet
1483 1917 1663 2000 quod
1698 1916 1937 1980 Petrus
1970 1918 2585 1998 repraesentaverit
2617 1933 2855 1980 verum

607 2031 697 2073 ex
731 2011 915 2076 bono
946 2011 1192 2074 amoris
1223 2011 1290 2074 in
1331 2010 1697 2074 Dominum
1726 2033 1740 2088 ;
1788 2031 1991 2093 quare
2024 2013 2231 2074 etiam
2264 2031 2442 2074 nunc
2474 2011 2855 2074 vocabatur

612 2109 651 2136 ‘⁴
670 2102 902 2167 Simon
932 2102 1163 2184 Jona,'’
1190 2122 1346 2167 nam
1373 2123 1491 2184 per
1519 2109 1558 2136 “
1577 2102 1925 2168 Simonem
1955 2104 2168 2185 Jonae
2185 2104 2216 2130 ’³
2240 2103 2658 2186 significatur
2683 2103 2855 2167 fides

608 2218 698 2260 ex
748 2198 1123 2274 charitate;
1179 2217 1298 2278 per
1348 2197 1800 2262 “Simonem”
1844 2198 2256 2262 auscultatio
2306 2211 2379 2262 et
2431 2199 2851 2273 obedientia,

608 2302 678 2354 et
724 2310 844 2373 per
885 2291 1232 2372 “Jonam”
1271 2291 1605 2366 columba,
1648 2311 1767 2372 per
1812 2291 2014 2374 quam
2052 2291 2471 2374 significatur
2510 2292 2848 2356 charitas:

610 2386 792 2469 quod
837 2386 932 2450 illi
969 2389 1080 2470 qui
1125 2387 1190 2450 in
1229 2385 1538 2451 doctrina
1573 2389 1713 2450 veri
1758 2409 1848 2450 ex
1888 2407 2117 2451 amore
2155 2389 2219 2450 in
2259 2387 2628 2452 Dominum
2664 2396 2851 2462 sunt,

609 2479 996 2545 instructuri
1021 2483 1156 2545 sint
1182 2481 1334 2545 illos
1359 2483 1472 2564 qui
1495 2482 1584 2545 ab
1601 2482 1892 2546 ecclesia
1918 2481 2190 2546 Domini
2210 2494 2431 2557 erunt,
2450 2481 2857 2568 intelligitur

612 2594 729 2657 per
765 2577 1368 2657 interrogationem
1418 2575 1713 2651 Domini,
1757 2576 2122 2639 “Amasne
2170 2575 2285 2639 Me
2314 2575 2367 2654 ;'’
2412 2587 2483 2638 et
2530 2575 2687 2639 dein
2733 2595 2857 2656 per

615 2668 882 2732 “Pasce
941 2689 1158 2751 agnos
1213 2669 1446 2732 meos”
1499 2679 1569 2733 et
1628 2675 1846 2732 “oves
1907 2689 2091 2732 meas
2117 2669 2168 2747 ;”
2236 2689 2371 2732 non
2426 2668 2607 2751 quod
2668 2667 2855 2731 solus

613 2763 848 2826 Petrus
906 2760 1348 2826 instructurus
1407 2765 1514 2837 sit,
1573 2763 1695 2826 sed
1762 2784 1999 2827 omnes
2065 2763 2161 2826 illi
2220 2765 2333 2847 qui
2400 2783 2518 2844 per
2576 2763 2854 2825 Petrum

611 2857 1102 2938 repraesentati
1140 2867 1342 2935 sunt3
1400 2858 1511 2940 qui
1549 2870 1729 2932 sunt,
1770 2867 1843 2921 ut
1893 2855 2145 2921 dictum
2182 2868 2311 2932 est,
2350 2857 2463 2940 qui
2508 2859 2573 2920 in
2621 2876 2855 2920 amore

611 2951 678 3013 in
712 2951 1080 3014 Dominum
1111 2961 1291 3024 sunt,
1326 2962 1395 3015 et
1433 2951 1589 3014 inde
1621 2972 1663 3015 a
1700 2952 1995 3015 Domino
2033 2953 2099 3014 in
2133 2952 2345 3014 veris:
2394 2950 2577 3034 quod
2615 2951 2856 3013 Petrus

614 3057 718 3109 ter
749 3047 1208 3127 interrogatus
1238 3045 1346 3120 sit,
1383 3045 1806 3127 significabat
1840 3046 2115 3134 plenum
2149 3056 2419 3127 tempus
2450 3066 2491 3108 a
2527 3046 2856 3127 principio

614 3139 940 3204 ecclesiae
985 3140 1072 3202 ad
1119 3139 1321 3203 finem
1367 3139 1529 3221 ejuS,
1580 3159 1739 3203 nam
1782 3139 2013 3203 “tria”
2050 3141 2117 3203 id
2164 3139 2589 3222 significant;
2645 3160 2854 3221 quare

615 3255 767 3298 cum
805 3235 1009 3297 tertia
1050 3235 1197 3298 vice
1237 3235 1805 3316 interrogabatur,
1845 3235 2090 3298 dicitur
2126 3234 2308 3317 quod
2350 3235 2855 3298 “contristatus

615 3329 702 3392 sit
750 3327 1041 3392 Petrus.”
1129 3327 1220 3392 Et
1267 3329 1421 3410 quia
1458 3329 1664 3391 tertia
1700 3329 2147 3410 interrogatio
2183 3327 2610 3410 significabat
2647 3325 2855 3392 finem

615 3421 963 3497 ecclesiae,
998 3421 1152 3484 ideo
1189 3431 1560 3504 sequuntur
1598 3442 1776 3485 nunc
1822 3411 1990 3485 baec
2032 3421 2306 3485 Domini
2342 3422 2550 3485 verba
2594 3421 2680 3484 ad
2729 3421 2856 3486 Pe-

615 3525 816 3592 trum,
851 3516 1028 3598 apud
1061 3514 1462 3590 Johannem,

715 3660 745 3682 ‘⁸
760 3660 954 3718 Amen,
979 3673 1154 3719 amen,
1180 3659 1302 3708 dico
1329 3658 1440 3717 tibi,
1466 3673 1584 3708 cnm
1615 3658 1765 3708 fuisti
1793 3659 1975 3721 iunior
2000 3660 2253 3722 cingebas
2286 3668 2339 3707 te
2368 3659 2562 3720 ipsum,
2588 3668 2645 3708 et
2671 3659 2861 3709 ambu-

877 3725 1026 3774 labas
1062 3739 1192 3788 que.
1211 3725 1463 3782 volebas:
1513 3725 1730 3788 quando
1772 3739 1903 3773 vero
1942 3739 2111 3774 senex
2144 3724 2325 3782 fueris,
2361 3725 2621 3774 extendes
2660 3737 2858 3773 manus

875 3799 1012 3848 tuaS,
1032 3801 1086 3839 et
1109 3789 1247 3839 alius
1268 3800 1318 3838 te
1337 3790 1516 3852 cinget
1533 3798 1587 3839 et
1603 3790 1763 3838 ducet
1780 3804 1887 3852 quo
1906 3805 2014 3838 non
2033 3790 2116 3838 vis
2135 3807 2173 3838 t.
2194 3827 2207 3839 .
2226 3827 2239 3838 .
2260 3797 2337 3840 ‚et
2354 3803 2475 3838 cum
2494 3790 2597 3838 hoc
2614 3789 2857 3848 dixisset,

879 3855 1010 3905 dicit
1049 3855 1141 3913 illi,
1177 3855 1411 3918 Sequere
1449 3853 1571 3904 Me:
1622 3868 1920 3904 conversus
1956 3869 2087 3903 vero
2131 3854 2321 3904 Petrus
2356 3854 2503 3904 videt
2536 3855 2858 3916 discipulum

880 3935 1040 3984 quem
1074 3920 1234 3984 jesus
1269 3922 1502 3979 amabat,
1537 3929 1872 3983 sequentem,
1908 3921 1999 3983 qui
2034 3921 2199 3969 etiam
2235 3921 2586 3970 accumbebat
2628 3920 2680 3967 in
2724 3934 2860 3968 cena

880 3999 1043 4048 super
1075 3983 1294 4048 pectore
1325 3985 1524 4048 Ipsius.
1545 4022 1557 4035 .
1577 4022 1590 4034 .
1610 4022 1624 4035 .
1652 4003 1663 4035 ε
1715 3981 1910 4034 [¹]hunc
1934 3985 2125 4034 videns
2163 3985 2369 4043 Petrae,
2391 3985 2519 4034 dicit
2552 3985 2620 4034 ad
2653 3984 2858 4049 jesum,

884 4051 1132 4108 Domine,
1145 4051 1231 4099 hic
1248 4063 1378 4100 vero
1394 4051 1557 4113 quid?
1607 4049 1749 4099 Dicit
1772 4051 1849 4099 illi
1869 4050 2043 4114 Jesus,
2061 4050 2113 4099 Si
2134 4051 2283 4099 illum
2303 4051 2429 4099 volo
2448 4064 2667 4099 manere
2685 4049 2861 4099 donec

878 4117 1057 4175 venio,
1081 4117 1209 4179 quid
1237 4115 1304 4164 ad
1334 4117 1420 4166 te?
1455 4125 1512 4166 tu
1539 4130 1763 4180 sequere
1795 4115 1900 4164 Me.
1972 4115 2151 4164 Exivit
2175 4131 2307 4177 ergo
2334 4117 2558 4166 verbum
2586 4116 2689 4164 hoc
2718 4117 2861 4165 inter

878 4181 1088 4238 fratres,
1113 4181 1256 4243 quod
1279 4181 1570 4244 discipulus
1593 4181 1683 4230 ille
1708 4195 1819 4230 non
1845 4182 2133 4230 moriturus
2159 4191 2335 4237 esset:
2374 4195 2565 4230 verum
2586 4195 2698 4230 non
2722 4181 2863 4230 dixit

877 4245 1038 4310 Jesus
1081 4246 1155 4296 ini
1197 4247 1340 4309 quod
1375 4247 1667 4296 moriturus
1704 4260 1815 4295 non
1850 4254 2009 4304 esset,
2046 4248 2158 4304 sed,
2195 4246 2249 4295 Si
2287 4247 2437 4296 illum
2472 4246 2597 4295 volo
2638 4261 2860 4296 manere

877 4313 1052 4361 donec
1081 4311 1259 4369 venio,
1283 4311 1410 4375 quid
1437 4311 1506 4360 ad
1533 4320 1587 4361 te
1599 4310 1652 4362 ?’'
1676 4309 1804 4373 (xxi.
1828 4312 1986 4371 18—23
2005 4310 2041 4373 ι)

619 4467 782 4552 quid
835 4467 951 4532 illa
1002 4470 1231 4532 omnia
1276 4467 1685 4550 significant,
1733 4487 1937 4532 nemo
1986 4470 2153 4533 scire
2208 4478 2459 4552 potest,
2510 4469 2636 4534 nisi
2690 4472 2863 4535 sciat

620 4563 802 4647 quod
840 4584 960 4646 per
995 4570 1034 4598 “
1057 4563 1332 4628 Petrum
1347 4561 1379 4588 ”
1411 4562 1831 4646 significetur
1860 4563 2025 4627 fides
2062 4585 2153 4628 ex
2191 4565 2545 4641 charitate,
2580 4575 2653 4628 et
2690 4585 2861 4650 quo·
