<?xml version="1.0" encoding="UTF-8"?>
<!DOCTYPE html PUBLIC "-//W3C//DTD XHTML 1.0 Transitional//EN"
    "http://www.w3.org/TR/xhtml1/DTD/xhtml1-transitional.dtd">
<html xmlns="http://www.w3.org/1999/xhtml" xml:lang="en" lang="en">
 <head>
  <title>
</title>
<meta http-equiv="Content-Type" content="text/html;charset=utf-8" />
  <meta name='ocr-system' content='tesseract 3.04.00' />
  <meta name='ocr-capabilities' content='ocr_page ocr_carea ocr_par ocr_line ocrx_word'/>
</head>
<body>
  <div class='ocr_page' id='page_1' title='image "./apocalypsisexpl00unkngoog_0245.png"; bbox 0 0 3259 5384; ppageno 0'>
   <div class='ocr_carea' id='block_1_1' title="bbox 942 636 2650 719">
    <p class='ocr_par' dir='ltr' id='par_1_1' title="bbox 942 636 2650 719">
     <span class='ocr_line' id='line_1_1' title="bbox 942 636 2650 719; baseline 0.001 -20"><span class='ocrx_word' id='word_1_1' title='bbox 942 647 1099 700; x_wconf 80' lang='lat' dir='ltr'><strong>CAP.</strong></span> <span class='ocrx_word' id='word_1_2' title='bbox 1134 648 1286 712; x_wconf 70' lang='lat' dir='ltr'>xn„</span> <span class='ocrx_word' id='word_1_3' title='bbox 1322 649 1529 700; x_wconf 67' lang='lat' dir='ltr'>vans.</span> <span class='ocrx_word' id='word_1_4' title='bbox 1574 650 1827 718; x_wconf 79' lang='lat' dir='ltr'>17.—N.</span> <span class='ocrx_word' id='word_1_5' title='bbox 1861 636 2128 719; x_wconf 84' lang='lat' dir='ltr'>768[d].</span> <span class='ocrx_word' id='word_1_6' title='bbox 2484 653 2650 718; x_wconf 80' lang='lat'>2147</span> 
     </span>
    </p>
   </div>
   <div class='ocr_carea' id='block_1_2' title="bbox 494 815 2654 949">
    <p class='ocr_par' dir='ltr' id='par_1_2' title="bbox 494 815 2654 949">
     <span class='ocr_line' id='line_1_2' title="bbox 494 815 2652 884; baseline 0 -14"><span class='ocrx_word' id='word_1_7' title='bbox 494 815 774 870; x_wconf 70' lang='lat' dir='ltr'>Sacerdos</span> <span class='ocrx_word' id='word_1_8' title='bbox 802 832 1029 882; x_wconf 74' lang='lat' dir='ltr'>magnus</span> <span class='ocrx_word' id='word_1_9' title='bbox 1058 820 1087 843; x_wconf 81' lang='lat'>⁴·</span> <span class='ocrx_word' id='word_1_10' title='bbox 1102 820 1317 870; x_wconf 85' lang='lat' dir='ltr'>viduam</span> <span class='ocrx_word' id='word_1_11' title='bbox 1352 829 1443 870; x_wconf 83' lang='lat' dir='ltr'>aut</span> <span class='ocrx_word' id='word_1_12' title='bbox 1477 820 1826 884; x_wconf 82' lang='lat' dir='ltr'>repudiatam,</span> <span class='ocrx_word' id='word_1_13' title='bbox 1854 829 1946 870; x_wconf 79' lang='lat' dir='ltr'>aut</span> <span class='ocrx_word' id='word_1_14' title='bbox 1981 829 2284 884; x_wconf 86' lang='lat' dir='ltr'>corruptam</span> <span class='ocrx_word' id='word_1_15' title='bbox 2319 822 2652 872; x_wconf 84' lang='lat' dir='ltr'>meretricem</span> 
     </span>
     <span class='ocr_line' id='line_1_3' title="bbox 681 885 2654 949; baseline 0.001 -15"><span class='ocrx_word' id='word_1_16' title='bbox 681 921 696 934; x_wconf 93' lang='lat'><strong><em>.</em></strong></span> <span class='ocrx_word' id='word_1_17' title='bbox 718 899 855 934; x_wconf 79' lang='lat' dir='ltr'>‚non</span> <span class='ocrx_word' id='word_1_18' title='bbox 890 885 1125 947; x_wconf 83' lang='lat' dir='ltr'>accipiet,</span> <span class='ocrx_word' id='word_1_19' title='bbox 1150 887 1243 934; x_wconf 85' lang='lat' dir='ltr'>sed</span> <span class='ocrx_word' id='word_1_20' title='bbox 1272 887 1533 947; x_wconf 84' lang='lat' dir='ltr'>virginem</span> <span class='ocrx_word' id='word_1_21' title='bbox 1570 887 1638 936; x_wconf 89' lang='lat' dir='ltr'>de</span> <span class='ocrx_word' id='word_1_22' title='bbox 1675 887 1886 949; x_wconf 75' lang='lat' dir='ltr'>populis</span> <span class='ocrx_word' id='word_1_23' title='bbox 1921 887 2031 936; x_wconf 80' lang='lat' dir='ltr'>suis</span> <span class='ocrx_word' id='word_1_24' title='bbox 2067 887 2289 949; x_wconf 78' lang='lat' dir='ltr'>accipiet</span> <span class='ocrx_word' id='word_1_25' title='bbox 2321 901 2558 944; x_wconf 85' lang='lat' dir='ltr'>uxorem,</span> <span class='ocrx_word' id='word_1_26' title='bbox 2587 902 2654 936; x_wconf 90' lang='lat' dir='ltr'>ne</span> 
     </span>
    </p>
   </div>
   <div class='ocr_carea' id='block_1_3' title="bbox 668 949 2654 1080">
    <p class='ocr_par' dir='ltr' id='par_1_3' title="bbox 668 949 2654 1080">
     <span class='ocr_line' id='line_1_4' title="bbox 670 949 2654 1017; baseline 0.001 -19"><span class='ocrx_word' id='word_1_27' title='bbox 670 949 925 1012; x_wconf 76' lang='lat' dir='ltr'>profanet</span> <span class='ocrx_word' id='word_1_28' title='bbox 944 963 1131 999; x_wconf 81' lang='lat' dir='ltr'>semen</span> <span class='ocrx_word' id='word_1_29' title='bbox 1156 965 1313 1000; x_wconf 82' lang='lat' dir='ltr'>suum</span> <span class='ocrx_word' id='word_1_30' title='bbox 1342 953 1397 1000; x_wconf 87' lang='lat' dir='ltr'>in</span> <span class='ocrx_word' id='word_1_31' title='bbox 1423 953 1637 1016; x_wconf 77' lang='lat' dir='ltr'>populis</span> <span class='ocrx_word' id='word_1_32' title='bbox 1671 953 1814 1002; x_wconf 77' lang='lat' dir='ltr'>suis:</span> <span class='ocrx_word' id='word_1_33' title='bbox 1865 951 2003 1014; x_wconf 71' lang='lat' dir='ltr'>Ego.</span> <span class='ocrx_word' id='word_1_34' title='bbox 2024 951 2290 1017; x_wconf 74' lang='lat' dir='ltr'>,Jehovah</span> <span class='ocrx_word' id='word_1_35' title='bbox 2313 949 2654 1001; x_wconf 62' lang='lat' dir='ltr'>sancivimus</span> 
     </span>
     <span class='ocr_line' id='line_1_5' title="bbox 668 1013 1441 1080; baseline 0.008 -17"><span class='ocrx_word' id='word_1_36' title='bbox 668 1013 823 1064; x_wconf 85' lang='lat' dir='ltr'>illum</span> <span class='ocrx_word' id='word_1_37' title='bbox 840 1014 868 1035; x_wconf 90' lang='lat'><strong>”</strong></span> <span class='ocrx_word' id='word_1_38' title='bbox 886 1015 1067 1078; x_wconf 75' lang='lat' dir='ltr'>(Levit.</span> <span class='ocrx_word' id='word_1_39' title='bbox 1090 1016 1197 1066; x_wconf 81' lang='lat' dir='ltr'>xxi.</span> <span class='ocrx_word' id='word_1_40' title='bbox 1226 1029 1301 1078; x_wconf 72' lang='lat'>14,</span> <span class='ocrx_word' id='word_1_41' title='bbox 1332 1016 1441 1080; x_wconf 85' lang='lat'>15):</span> 
     </span>
    </p>
   </div>
   <div class='ocr_carea' id='block_1_4' title="bbox 394 1177 2656 4460">
    <p class='ocr_par' dir='ltr' id='par_1_4' title="bbox 394 1177 2656 4460">
     <span class='ocr_line' id='line_1_6' title="bbox 410 1177 2654 1262; baseline 0.001 -22"><span class='ocrx_word' id='word_1_42' title='bbox 410 1177 733 1260; x_wconf 89' lang='lat' dir='ltr'>quoniam</span> <span class='ocrx_word' id='word_1_43' title='bbox 774 1198 893 1261; x_wconf 87' lang='lat' dir='ltr'>per</span> <span class='ocrx_word' id='word_1_44' title='bbox 932 1179 1201 1243; x_wconf 89' lang='lat' dir='ltr'>“virum</span> <span class='ocrx_word' id='word_1_45' title='bbox 1248 1189 1320 1244; x_wconf 92' lang='lat' dir='ltr'>et</span> <span class='ocrx_word' id='word_1_46' title='bbox 1364 1200 1654 1244; x_wconf 87' lang='lat' dir='ltr'>uxorem</span> <span class='ocrx_word' id='word_1_47' title='bbox 1674 1179 1706 1206; x_wconf 78' lang='lat'>&#39;⁹</span> <span class='ocrx_word' id='word_1_48' title='bbox 1743 1181 1808 1244; x_wconf 88' lang='lat' dir='ltr'>in</span> <span class='ocrx_word' id='word_1_49' title='bbox 1849 1179 2107 1256; x_wconf 90' lang='lat' dir='ltr'>Verbo,</span> <span class='ocrx_word' id='word_1_50' title='bbox 2148 1181 2214 1244; x_wconf 88' lang='lat' dir='ltr'>in</span> <span class='ocrx_word' id='word_1_51' title='bbox 2264 1197 2468 1243; x_wconf 85' lang='lat' dir='ltr'>sensu</span> <span class='ocrx_word' id='word_1_52' title='bbox 2513 1179 2654 1262; x_wconf 86' lang='lat' dir='ltr'>ejus</span> 
     </span>
     <span class='ocr_line' id='line_1_7' title="bbox 412 1272 2654 1354; baseline 0.002 -20"><span class='ocrx_word' id='word_1_53' title='bbox 412 1272 765 1354; x_wconf 87' lang='lat' dir='ltr'><strong>spirituali,</strong></span> <span class='ocrx_word' id='word_1_54' title='bbox 806 1272 1227 1354; x_wconf 88' lang='lat' dir='ltr'>significatur</span> <span class='ocrx_word' id='word_1_55' title='bbox 1262 1272 1656 1340; x_wconf 66' lang='lat' dir='ltr'>intellectus</span> <span class='ocrx_word' id='word_1_56' title='bbox 1693 1275 1836 1338; x_wconf 88' lang='lat' dir='ltr'>veri</span> <span class='ocrx_word' id='word_1_57' title='bbox 1883 1285 1954 1338; x_wconf 92' lang='lat' dir='ltr'>et</span> <span class='ocrx_word' id='word_1_58' title='bbox 2001 1275 2323 1338; x_wconf 89' lang='lat' dir='ltr'>voluntas</span> <span class='ocrx_word' id='word_1_59' title='bbox 2361 1274 2542 1347; x_wconf 88' lang='lat' dir='ltr'>boni,</span> <span class='ocrx_word' id='word_1_60' title='bbox 2583 1284 2654 1338; x_wconf 92' lang='lat' dir='ltr'>et</span> 
     </span>
     <span class='ocr_line' id='line_1_8' title="bbox 412 1367 2654 1450; baseline 0 -20"><span class='ocrx_word' id='word_1_61' title='bbox 412 1369 563 1449; x_wconf 90' lang='lat' dir='ltr'>quia</span> <span class='ocrx_word' id='word_1_62' title='bbox 596 1369 935 1450; x_wconf 85' lang='lat' dir='ltr'>cogitatio</span> <span class='ocrx_word' id='word_1_63' title='bbox 968 1380 1074 1434; x_wconf 91' lang='lat' dir='ltr'>est</span> <span class='ocrx_word' id='word_1_64' title='bbox 1107 1367 1497 1433; x_wconf 62' lang='lat' dir='ltr'>intellectus</span> <span class='ocrx_word' id='word_1_65' title='bbox 1531 1380 1602 1433; x_wconf 93' lang='lat' dir='ltr'>et</span> <span class='ocrx_word' id='word_1_66' title='bbox 1636 1367 1905 1435; x_wconf 68' lang='lat' dir='ltr'>affectio</span> <span class='ocrx_word' id='word_1_67' title='bbox 1929 1381 2034 1433; x_wconf 88' lang='lat' dir='ltr'>est</span> <span class='ocrx_word' id='word_1_68' title='bbox 2069 1370 2470 1443; x_wconf 79' lang='lat' dir='ltr'>voluntatiS,</span> <span class='ocrx_word' id='word_1_69' title='bbox 2500 1368 2654 1433; x_wconf 92' lang='lat' dir='ltr'>ideo</span> 
     </span>
     <span class='ocr_line' id='line_1_9' title="bbox 411 1463 2655 1546; baseline -0.001 -20"><span class='ocrx_word' id='word_1_70' title='bbox 411 1464 617 1526; x_wconf 89' lang='lat' dir='ltr'>etiam</span> <span class='ocrx_word' id='word_1_71' title='bbox 666 1484 789 1545; x_wconf 92' lang='lat' dir='ltr'>per</span> <span class='ocrx_word' id='word_1_72' title='bbox 837 1464 1108 1526; x_wconf 87' lang='lat' dir='ltr'>“virum</span> <span class='ocrx_word' id='word_1_73' title='bbox 1163 1474 1235 1527; x_wconf 93' lang='lat' dir='ltr'>et</span> <span class='ocrx_word' id='word_1_74' title='bbox 1289 1463 1623 1526; x_wconf 87' lang='lat' dir='ltr'>uxorem”</span> <span class='ocrx_word' id='word_1_75' title='bbox 1670 1463 2088 1546; x_wconf 86' lang='lat' dir='ltr'>significatur</span> <span class='ocrx_word' id='word_1_76' title='bbox 2134 1464 2470 1545; x_wconf 86' lang='lat' dir='ltr'>cogitatio</span> <span class='ocrx_word' id='word_1_77' title='bbox 2514 1463 2655 1527; x_wconf 88' lang='lat' dir='ltr'>veri</span> 
     </span>
     <span class='ocr_line' id='line_1_10' title="bbox 409 1555 2655 1639; baseline -0.001 -18"><span class='ocrx_word' id='word_1_78' title='bbox 409 1567 479 1622; x_wconf 90' lang='lat' dir='ltr'>et</span> <span class='ocrx_word' id='word_1_79' title='bbox 510 1555 781 1620; x_wconf 66' lang='lat' dir='ltr'>affectio</span> <span class='ocrx_word' id='word_1_80' title='bbox 804 1556 987 1632; x_wconf 89' lang='lat' dir='ltr'>boni,</span> <span class='ocrx_word' id='word_1_81' title='bbox 1018 1568 1163 1622; x_wconf 92' lang='lat' dir='ltr'>tum</span> <span class='ocrx_word' id='word_1_82' title='bbox 1188 1578 1421 1621; x_wconf 90' lang='lat' dir='ltr'>verum</span> <span class='ocrx_word' id='word_1_83' title='bbox 1448 1568 1520 1622; x_wconf 91' lang='lat' dir='ltr'>et</span> <span class='ocrx_word' id='word_1_84' title='bbox 1555 1560 1847 1622; x_wconf 91' lang='lat' dir='ltr'>bonum:</span> <span class='ocrx_word' id='word_1_85' title='bbox 1889 1558 2048 1621; x_wconf 92' lang='lat' dir='ltr'>inde</span> <span class='ocrx_word' id='word_1_86' title='bbox 2068 1568 2388 1620; x_wconf 84' lang='lat' dir='ltr'>constare</span> <span class='ocrx_word' id='word_1_87' title='bbox 2422 1565 2655 1639; x_wconf 89' lang='lat' dir='ltr'>potest</span> 
     </span>
     <span class='ocr_line' id='line_1_11' title="bbox 403 1650 2656 1734; baseline -0.001 -20"><span class='ocrx_word' id='word_1_88' title='bbox 403 1651 567 1734; x_wconf 89' lang='lat' dir='ltr'>quid</span> <span class='ocrx_word' id='word_1_89' title='bbox 616 1650 1037 1732; x_wconf 85' lang='lat' dir='ltr'>significatur</span> <span class='ocrx_word' id='word_1_90' title='bbox 1074 1673 1191 1733; x_wconf 89' lang='lat' dir='ltr'>per</span> <span class='ocrx_word' id='word_1_91' title='bbox 1234 1651 1623 1726; x_wconf 86' lang='lat' dir='ltr'>“viduam,”</span> <span class='ocrx_word' id='word_1_92' title='bbox 1663 1673 1783 1734; x_wconf 87' lang='lat' dir='ltr'>per</span> <span class='ocrx_word' id='word_1_93' title='bbox 1822 1651 2368 1734; x_wconf 87' lang='lat' dir='ltr'>“repudiatam,”</span> <span class='ocrx_word' id='word_1_94' title='bbox 2404 1670 2656 1733; x_wconf 86' lang='lat' dir='ltr'>perque</span> 
     </span>
     <span class='ocr_line' id='line_1_12' title="bbox 405 1744 2656 1829; baseline -0.001 -20"><span class='ocrx_word' id='word_1_95' title='bbox 405 1746 923 1829; x_wconf 87' lang='lat' dir='ltr'>“corruptam‚”</span> <span class='ocrx_word' id='word_1_96' title='bbox 954 1756 1025 1810; x_wconf 92' lang='lat' dir='ltr'>et</span> <span class='ocrx_word' id='word_1_97' title='bbox 1056 1746 1539 1810; x_wconf 84' lang='lat' dir='ltr'>“meretricem</span> <span class='ocrx_word' id='word_1_98' title='bbox 1566 1747 1619 1825; x_wconf 88' lang='lat'>;”</span> <span class='ocrx_word' id='word_1_99' title='bbox 1665 1768 1786 1828; x_wconf 88' lang='lat' dir='ltr'>per</span> <span class='ocrx_word' id='word_1_100' title='bbox 1819 1751 1859 1779; x_wconf 79' lang='lat'>‘⁸</span> <span class='ocrx_word' id='word_1_101' title='bbox 1882 1747 2153 1809; x_wconf 90' lang='lat' dir='ltr'>viduam</span> <span class='ocrx_word' id='word_1_102' title='bbox 2176 1745 2207 1770; x_wconf 83' lang='lat'>’⁹</span> <span class='ocrx_word' id='word_1_103' title='bbox 2234 1744 2656 1827; x_wconf 87' lang='lat' dir='ltr'>significatur</span> 
     </span>
     <span class='ocr_line' id='line_1_13' title="bbox 402 1837 2654 1924; baseline -0 -21"><span class='ocrx_word' id='word_1_104' title='bbox 402 1841 665 1904; x_wconf 90' lang='lat' dir='ltr'>bonum</span> <span class='ocrx_word' id='word_1_105' title='bbox 703 1840 959 1922; x_wconf 90' lang='lat' dir='ltr'>absque</span> <span class='ocrx_word' id='word_1_106' title='bbox 991 1862 1174 1916; x_wconf 90' lang='lat' dir='ltr'>ver0,</span> <span class='ocrx_word' id='word_1_107' title='bbox 1209 1843 1364 1924; x_wconf 89' lang='lat' dir='ltr'>quia</span> <span class='ocrx_word' id='word_1_108' title='bbox 1396 1863 1437 1905; x_wconf 88' lang='lat' dir='ltr'>a</span> <span class='ocrx_word' id='word_1_109' title='bbox 1473 1862 1659 1916; x_wconf 82' lang='lat' dir='ltr'>vere,</span> <span class='ocrx_word' id='word_1_110' title='bbox 1693 1842 1874 1924; x_wconf 90' lang='lat' dir='ltr'>quod</span> <span class='ocrx_word' id='word_1_111' title='bbox 1913 1851 2020 1905; x_wconf 92' lang='lat' dir='ltr'>est</span> <span class='ocrx_word' id='word_1_112' title='bbox 2056 1840 2271 1914; x_wconf 64' lang='lat' dir='ltr'>“vin’&#39;</span> <span class='ocrx_word' id='word_1_113' title='bbox 2303 1837 2654 1915; x_wconf 64' lang='lat' dir='ltr'>reliftum3</span> 
     </span>
     <span class='ocr_line' id='line_1_14' title="bbox 406 1933 2655 2018; baseline -0 -20"><span class='ocrx_word' id='word_1_114' title='bbox 406 1955 527 2018; x_wconf 90' lang='lat' dir='ltr'>per</span> <span class='ocrx_word' id='word_1_115' title='bbox 568 1935 1057 2017; x_wconf 85' lang='lat' dir='ltr'>“repudiatam</span> <span class='ocrx_word' id='word_1_116' title='bbox 1076 1935 1107 1960; x_wconf 88' lang='lat'>”</span> <span class='ocrx_word' id='word_1_117' title='bbox 1143 1934 1565 2018; x_wconf 87' lang='lat' dir='ltr'>significatur</span> <span class='ocrx_word' id='word_1_118' title='bbox 1601 1936 1856 2000; x_wconf 90' lang='lat' dir='ltr'>bonum</span> <span class='ocrx_word' id='word_1_119' title='bbox 1895 1933 2216 2018; x_wconf 59' lang='lat' dir='ltr'>rejectum</span> <span class='ocrx_word' id='word_1_120' title='bbox 2255 1955 2296 1998; x_wconf 91' lang='lat' dir='ltr'>a</span> <span class='ocrx_word' id='word_1_121' title='bbox 2333 1955 2517 2008; x_wconf 82' lang='lat' dir='ltr'>vere,</span> <span class='ocrx_word' id='word_1_122' title='bbox 2557 1934 2655 1997; x_wconf 89' lang='lat' dir='ltr'>ita</span> 
     </span>
     <span class='ocr_line' id='line_1_15' title="bbox 406 2028 2654 2113; baseline -0 -20"><span class='ocrx_word' id='word_1_123' title='bbox 406 2029 839 2106; x_wconf 79' lang='lat' dir='ltr'>discordan33</span> <span class='ocrx_word' id='word_1_124' title='bbox 879 2050 998 2112; x_wconf 91' lang='lat' dir='ltr'>per</span> <span class='ocrx_word' id='word_1_125' title='bbox 1018 2035 1454 2113; x_wconf 87' lang='lat' dir='ltr'>“corruptam</span> <span class='ocrx_word' id='word_1_126' title='bbox 1475 2031 1942 2094; x_wconf 85' lang='lat' dir='ltr'>meretricem”</span> <span class='ocrx_word' id='word_1_127' title='bbox 1960 2028 2378 2112; x_wconf 88' lang='lat' dir='ltr'>significatur</span> <span class='ocrx_word' id='word_1_128' title='bbox 2398 2029 2654 2093; x_wconf 90' lang='lat' dir='ltr'>bonum</span> 
     </span>
     <span class='ocr_line' id='line_1_16' title="bbox 405 2123 2654 2208; baseline 0 -23"><span class='ocrx_word' id='word_1_129' title='bbox 405 2123 872 2186; x_wconf 90' lang='lat' dir='ltr'>adulteratum</span> <span class='ocrx_word' id='word_1_130' title='bbox 926 2145 966 2186; x_wconf 88' lang='lat' dir='ltr'>a</span> <span class='ocrx_word' id='word_1_131' title='bbox 1014 2123 1222 2199; x_wconf 82' lang='lat' dir='ltr'>falsis,</span> <span class='ocrx_word' id='word_1_132' title='bbox 1271 2124 1450 2208; x_wconf 92' lang='lat' dir='ltr'>quod</span> <span class='ocrx_word' id='word_1_133' title='bbox 1507 2144 1646 2189; x_wconf 91' lang='lat' dir='ltr'>non</span> <span class='ocrx_word' id='word_1_134' title='bbox 1702 2125 1991 2207; x_wconf 91' lang='lat' dir='ltr'>amplius</span> <span class='ocrx_word' id='word_1_135' title='bbox 2045 2135 2152 2188; x_wconf 88' lang='lat' dir='ltr'>est</span> <span class='ocrx_word' id='word_1_136' title='bbox 2207 2124 2483 2199; x_wconf 90' lang='lat' dir='ltr'>bonum,</span> <span class='ocrx_word' id='word_1_137' title='bbox 2531 2123 2654 2186; x_wconf 93' lang='lat' dir='ltr'>sed</span> 
     </span>
     <span class='ocr_line' id='line_1_17' title="bbox 404 2215 2656 2302; baseline 0 -21"><span class='ocrx_word' id='word_1_138' title='bbox 404 2217 686 2281; x_wconf 89' lang='lat' dir='ltr'>malum.</span> <span class='ocrx_word' id='word_1_139' title='bbox 780 2215 957 2298; x_wconf 85' lang='lat' dir='ltr'>Quia</span> <span class='ocrx_word' id='word_1_140' title='bbox 995 2218 1158 2281; x_wconf 87' lang='lat' dir='ltr'>talia</span> <span class='ocrx_word' id='word_1_141' title='bbox 1192 2217 1752 2300; x_wconf 87' lang='lat' dir='ltr'>significabantur</span> <span class='ocrx_word' id='word_1_142' title='bbox 1789 2239 1908 2302; x_wconf 89' lang='lat' dir='ltr'>per</span> <span class='ocrx_word' id='word_1_143' title='bbox 1945 2219 2096 2282; x_wconf 90' lang='lat' dir='ltr'>illas</span> <span class='ocrx_word' id='word_1_144' title='bbox 2131 2218 2465 2292; x_wconf 79' lang='lat' dir='ltr'>muliereS,</span> <span class='ocrx_word' id='word_1_145' title='bbox 2499 2218 2656 2282; x_wconf 88' lang='lat' dir='ltr'>ideo</span> 
     </span>
     <span class='ocr_line' id='line_1_18' title="bbox 402 2311 2653 2396; baseline 0 -20"><span class='ocrx_word' id='word_1_146' title='bbox 402 2313 755 2376; x_wconf 89' lang='lat' dir='ltr'>sacerdoti</span> <span class='ocrx_word' id='word_1_147' title='bbox 795 2333 1050 2394; x_wconf 90' lang='lat' dir='ltr'>magno</span> <span class='ocrx_word' id='word_1_148' title='bbox 1087 2311 1522 2377; x_wconf 67' lang='lat' dir='ltr'>interdistum</span> <span class='ocrx_word' id='word_1_149' title='bbox 1560 2314 1684 2378; x_wconf 86' lang='lat' dir='ltr'>fuit</span> <span class='ocrx_word' id='word_1_150' title='bbox 1721 2314 2018 2396; x_wconf 90' lang='lat' dir='ltr'>aliquam</span> <span class='ocrx_word' id='word_1_151' title='bbox 2057 2335 2148 2376; x_wconf 82' lang='lat' dir='ltr'>ex</span> <span class='ocrx_word' id='word_1_152' title='bbox 2188 2313 2320 2375; x_wconf 90' lang='lat' dir='ltr'>illis</span> <span class='ocrx_word' id='word_1_153' title='bbox 2365 2313 2432 2377; x_wconf 91' lang='lat' dir='ltr'>in</span> <span class='ocrx_word' id='word_1_154' title='bbox 2479 2333 2653 2376; x_wconf 87' lang='lat' dir='ltr'>uxo-</span> 
     </span>
     <span class='ocr_line' id='line_1_19' title="bbox 400 2408 2656 2490; baseline -0.001 -18"><span class='ocrx_word' id='word_1_155' title='bbox 400 2427 551 2472; x_wconf 88' lang='lat' dir='ltr'>rem</span> <span class='ocrx_word' id='word_1_156' title='bbox 590 2409 865 2482; x_wconf 88' lang='lat' dir='ltr'>ducere,</span> <span class='ocrx_word' id='word_1_157' title='bbox 904 2408 1063 2490; x_wconf 86' lang='lat' dir='ltr'>quia</span> <span class='ocrx_word' id='word_1_158' title='bbox 1096 2427 1217 2490; x_wconf 86' lang='lat' dir='ltr'>per</span> <span class='ocrx_word' id='word_1_159' title='bbox 1254 2408 1687 2471; x_wconf 85' lang='lat' dir='ltr'>sacerdotem</span> <span class='ocrx_word' id='word_1_160' title='bbox 1723 2428 2052 2490; x_wconf 90' lang='lat' dir='ltr'>magnum</span> <span class='ocrx_word' id='word_1_161' title='bbox 2089 2408 2656 2490; x_wconf 82' lang='lat' dir='ltr'>repraesentaba-</span> 
     </span>
     <span class='ocr_line' id='line_1_20' title="bbox 402 2500 2655 2586; baseline -0 -19"><span class='ocrx_word' id='word_1_162' title='bbox 402 2513 518 2567; x_wconf 89' lang='lat' dir='ltr'>tur</span> <span class='ocrx_word' id='word_1_163' title='bbox 566 2502 903 2566; x_wconf 88' lang='lat' dir='ltr'>Dominus</span> <span class='ocrx_word' id='word_1_164' title='bbox 948 2503 1174 2585; x_wconf 91' lang='lat' dir='ltr'>quoad</span> <span class='ocrx_word' id='word_1_165' title='bbox 1220 2502 1702 2578; x_wconf 85' lang='lat' dir='ltr'>sacerdotium,</span> <span class='ocrx_word' id='word_1_166' title='bbox 1753 2523 1872 2586; x_wconf 89' lang='lat' dir='ltr'>per</span> <span class='ocrx_word' id='word_1_167' title='bbox 1916 2503 2100 2586; x_wconf 93' lang='lat' dir='ltr'>quod</span> <span class='ocrx_word' id='word_1_168' title='bbox 2143 2500 2655 2584; x_wconf 87' lang='lat' dir='ltr'>significabatur</span> 
     </span>
     <span class='ocr_line' id='line_1_21' title="bbox 402 2595 2656 2680; baseline -0 -19"><span class='ocrx_word' id='word_1_169' title='bbox 402 2597 732 2661; x_wconf 87' lang='lat' dir='ltr'>Divinum</span> <span class='ocrx_word' id='word_1_170' title='bbox 808 2597 1075 2659; x_wconf 90' lang='lat' dir='ltr'>Bonum</span> <span class='ocrx_word' id='word_1_171' title='bbox 1110 2617 1125 2673; x_wconf 93' lang='lat'>;</span> <span class='ocrx_word' id='word_1_172' title='bbox 1190 2607 1262 2661; x_wconf 90' lang='lat' dir='ltr'>et</span> <span class='ocrx_word' id='word_1_173' title='bbox 1328 2598 1484 2680; x_wconf 90' lang='lat' dir='ltr'>quia</span> <span class='ocrx_word' id='word_1_174' title='bbox 1549 2617 1671 2680; x_wconf 91' lang='lat' dir='ltr'>per</span> <span class='ocrx_word' id='word_1_175' title='bbox 1737 2599 2128 2679; x_wconf 88' lang='lat' dir='ltr'>“virginem</span> <span class='ocrx_word' id='word_1_176' title='bbox 2144 2597 2175 2621; x_wconf 88' lang='lat'><strong>”</strong></span> <span class='ocrx_word' id='word_1_177' title='bbox 2233 2595 2656 2678; x_wconf 88' lang='lat' dir='ltr'>significatur</span> 
     </span>
     <span class='ocr_line' id='line_1_22' title="bbox 400 2689 2654 2773; baseline 0 -19"><span class='ocrx_word' id='word_1_178' title='bbox 400 2692 730 2755; x_wconf 88' lang='lat' dir='ltr'>voluntas</span> <span class='ocrx_word' id='word_1_179' title='bbox 761 2712 881 2754; x_wconf 89' lang='lat' dir='ltr'>seu</span> <span class='ocrx_word' id='word_1_180' title='bbox 911 2689 1179 2755; x_wconf 72' lang='lat' dir='ltr'>affectio</span> <span class='ocrx_word' id='word_1_181' title='bbox 1203 2693 1477 2772; x_wconf 85' lang='lat' dir='ltr'>genuini</span> <span class='ocrx_word' id='word_1_182' title='bbox 1503 2693 1664 2766; x_wconf 89' lang='lat' dir='ltr'>veri,</span> <span class='ocrx_word' id='word_1_183' title='bbox 1695 2702 1767 2756; x_wconf 90' lang='lat' dir='ltr'>et</span> <span class='ocrx_word' id='word_1_184' title='bbox 1793 2693 2162 2773; x_wconf 90' lang='lat' dir='ltr'>genuinum</span> <span class='ocrx_word' id='word_1_185' title='bbox 2188 2711 2420 2755; x_wconf 90' lang='lat' dir='ltr'>verum</span> <span class='ocrx_word' id='word_1_186' title='bbox 2447 2711 2654 2754; x_wconf 89' lang='lat' dir='ltr'>unum</span> 
     </span>
     <span class='ocr_line' id='line_1_23' title="bbox 402 2785 2656 2860; baseline 0 -11"><span class='ocrx_word' id='word_1_187' title='bbox 402 2787 571 2849; x_wconf 83' lang='lat' dir='ltr'>facit</span> <span class='ocrx_word' id='word_1_188' title='bbox 611 2796 684 2851; x_wconf 92' lang='lat' dir='ltr'>et</span> <span class='ocrx_word' id='word_1_189' title='bbox 723 2785 1101 2848; x_wconf 86' lang='lat' dir='ltr'>concordat</span> <span class='ocrx_word' id='word_1_190' title='bbox 1142 2805 1296 2848; x_wconf 93' lang='lat' dir='ltr'>cum</span> <span class='ocrx_word' id='word_1_191' title='bbox 1337 2785 1588 2849; x_wconf 88' lang='lat' dir='ltr'>Divino</span> <span class='ocrx_word' id='word_1_192' title='bbox 1626 2785 1844 2860; x_wconf 89' lang='lat' dir='ltr'>Bon0,</span> <span class='ocrx_word' id='word_1_193' title='bbox 1885 2796 1962 2849; x_wconf 49' lang='lat' dir='ltr'>et.</span> <span class='ocrx_word' id='word_1_194' title='bbox 2005 2785 2120 2848; x_wconf 76' lang='lat' dir='ltr'>illa</span> <span class='ocrx_word' id='word_1_195' title='bbox 2165 2787 2301 2849; x_wconf 89' lang='lat' dir='ltr'>duo</span> <span class='ocrx_word' id='word_1_196' title='bbox 2345 2787 2412 2848; x_wconf 92' lang='lat' dir='ltr'>in</span> <span class='ocrx_word' id='word_1_197' title='bbox 2458 2787 2656 2850; x_wconf 90' lang='lat' dir='ltr'>caelo</span> 
     </span>
     <span class='ocr_line' id='line_1_24' title="bbox 402 2877 2654 2961; baseline 0 -17"><span class='ocrx_word' id='word_1_198' title='bbox 402 2890 479 2944; x_wconf 91' lang='lat' dir='ltr'>et</span> <span class='ocrx_word' id='word_1_199' title='bbox 524 2881 594 2942; x_wconf 88' lang='lat' dir='ltr'>in</span> <span class='ocrx_word' id='word_1_200' title='bbox 634 2880 929 2943; x_wconf 89' lang='lat' dir='ltr'>ecclesia</span> <span class='ocrx_word' id='word_1_201' title='bbox 966 2877 1330 2960; x_wconf 61' lang='lat' dir='ltr'>conjuncta</span> <span class='ocrx_word' id='word_1_202' title='bbox 1375 2890 1559 2956; x_wconf 87' lang='lat' dir='ltr'>sunt,</span> <span class='ocrx_word' id='word_1_203' title='bbox 1600 2890 1672 2944; x_wconf 92' lang='lat' dir='ltr'>et</span> <span class='ocrx_word' id='word_1_204' title='bbox 1719 2878 2082 2961; x_wconf 68' lang='lat' dir='ltr'>conjuncta</span> <span class='ocrx_word' id='word_1_205' title='bbox 2118 2891 2450 2944; x_wconf 88' lang='lat' dir='ltr'>vocantur</span> <span class='ocrx_word' id='word_1_206' title='bbox 2487 2901 2654 2945; x_wconf 92' lang='lat' dir='ltr'>con-</span> 
     </span>
     <span class='ocr_line' id='line_1_25' title="bbox 394 2974 2654 3058; baseline 0 -20"><span class='ocrx_word' id='word_1_207' title='bbox 394 2974 663 3058; x_wconf 86' lang='lat' dir='ltr'>jugium</span> <span class='ocrx_word' id='word_1_208' title='bbox 702 2974 1025 3048; x_wconf 88' lang='lat' dir='ltr'>caeleste,</span> <span class='ocrx_word' id='word_1_209' title='bbox 1060 2974 1215 3037; x_wconf 91' lang='lat' dir='ltr'>ideo</span> <span class='ocrx_word' id='word_1_210' title='bbox 1252 2976 1592 3038; x_wconf 85' lang='lat' dir='ltr'>sancitum</span> <span class='ocrx_word' id='word_1_211' title='bbox 1628 2974 1752 3038; x_wconf 82' lang='lat' dir='ltr'>suit</span> <span class='ocrx_word' id='word_1_212' title='bbox 1791 2975 1971 3056; x_wconf 92' lang='lat' dir='ltr'>quod</span> <span class='ocrx_word' id='word_1_213' title='bbox 2011 2975 2330 3038; x_wconf 85' lang='lat' dir='ltr'>sacerdos</span> <span class='ocrx_word' id='word_1_214' title='bbox 2361 2995 2654 3056; x_wconf 88' lang='lat' dir='ltr'>magnus</span> 
     </span>
     <span class='ocr_line' id='line_1_26' title="bbox 400 3068 2655 3151; baseline 0 -18"><span class='ocrx_word' id='word_1_215' title='bbox 400 3071 741 3151; x_wconf 85' lang='lat' dir='ltr'>virginem</span> <span class='ocrx_word' id='word_1_216' title='bbox 767 3068 1051 3131; x_wconf 88' lang='lat' dir='ltr'>duceret</span> <span class='ocrx_word' id='word_1_217' title='bbox 1074 3087 1399 3132; x_wconf 88' lang='lat' dir='ltr'>uxorem:</span> <span class='ocrx_word' id='word_1_218' title='bbox 1449 3079 1521 3132; x_wconf 90' lang='lat' dir='ltr'>et</span> <span class='ocrx_word' id='word_1_219' title='bbox 1552 3069 1710 3151; x_wconf 88' lang='lat' dir='ltr'>quia</span> <span class='ocrx_word' id='word_1_220' title='bbox 1735 3090 1824 3133; x_wconf 81' lang='lat' dir='ltr'>ex</span> <span class='ocrx_word' id='word_1_221' title='bbox 1852 3069 1983 3132; x_wconf 87' lang='lat' dir='ltr'>hoc</span> <span class='ocrx_word' id='word_1_222' title='bbox 2009 3068 2326 3150; x_wconf 89' lang='lat' dir='ltr'>conjugio</span> <span class='ocrx_word' id='word_1_223' title='bbox 2352 3070 2655 3150; x_wconf 89' lang='lat' dir='ltr'>gignitur</span> 
     </span>
     <span class='ocr_line' id='line_1_27' title="bbox 398 3159 2651 3248; baseline -0.001 -20"><span class='ocrx_word' id='word_1_224' title='bbox 398 3182 643 3228; x_wconf 84' lang='lat' dir='ltr'>verum</span> <span class='ocrx_word' id='word_1_225' title='bbox 680 3159 1051 3235; x_wconf 59' lang='lat' dir='ltr'>doctrinae,</span> <span class='ocrx_word' id='word_1_226' title='bbox 1092 3173 1167 3226; x_wconf 88' lang='lat' dir='ltr'>at</span> <span class='ocrx_word' id='word_1_227' title='bbox 1210 3183 1303 3225; x_wconf 88' lang='lat' dir='ltr'>ex</span> <span class='ocrx_word' id='word_1_228' title='bbox 1348 3162 1668 3244; x_wconf 89' lang='lat' dir='ltr'>conjugio</span> <span class='ocrx_word' id='word_1_229' title='bbox 1705 3183 1860 3226; x_wconf 91' lang='lat' dir='ltr'>cum</span> <span class='ocrx_word' id='word_1_230' title='bbox 1900 3163 2150 3227; x_wconf 89' lang='lat' dir='ltr'>talibus</span> <span class='ocrx_word' id='word_1_231' title='bbox 2186 3184 2359 3246; x_wconf 90' lang='lat' dir='ltr'>quae</span> <span class='ocrx_word' id='word_1_232' title='bbox 2395 3163 2651 3248; x_wconf 84' lang='lat' dir='ltr'>signifi-</span> 
     </span>
     <span class='ocr_line' id='line_1_28' title="bbox 400 3255 2652 3339; baseline -0 -18"><span class='ocrx_word' id='word_1_233' title='bbox 400 3267 653 3322; x_wconf 91' lang='lat' dir='ltr'>cantur</span> <span class='ocrx_word' id='word_1_234' title='bbox 690 3276 809 3337; x_wconf 90' lang='lat' dir='ltr'>per</span> <span class='ocrx_word' id='word_1_235' title='bbox 850 3255 1243 3332; x_wconf 88' lang='lat' dir='ltr'>“viduam,&#39;’</span> <span class='ocrx_word' id='word_1_236' title='bbox 1277 3257 1823 3338; x_wconf 84' lang='lat' dir='ltr'>“repudiatam‚”</span> <span class='ocrx_word' id='word_1_237' title='bbox 1859 3263 2306 3339; x_wconf 86' lang='lat' dir='ltr'>“corruptam</span> <span class='ocrx_word' id='word_1_238' title='bbox 2343 3259 2652 3321; x_wconf 90' lang='lat' dir='ltr'>meretri-</span> 
     </span>
     <span class='ocr_line' id='line_1_29' title="bbox 402 3349 2652 3434; baseline -0.001 -17"><span class='ocrx_word' id='word_1_239' title='bbox 402 3351 622 3428; x_wconf 86' lang='lat' dir='ltr'>cem,”</span> <span class='ocrx_word' id='word_1_240' title='bbox 674 3352 981 3432; x_wconf 87' lang='lat' dir='ltr'>gignitur</span> <span class='ocrx_word' id='word_1_241' title='bbox 1037 3350 1280 3414; x_wconf 90' lang='lat' dir='ltr'>falsum</span> <span class='ocrx_word' id='word_1_242' title='bbox 1340 3349 1712 3426; x_wconf 72' lang='lat' dir='ltr'>doctrinae,</span> <span class='ocrx_word' id='word_1_243' title='bbox 1774 3351 1931 3414; x_wconf 90' lang='lat' dir='ltr'>ideo</span> <span class='ocrx_word' id='word_1_244' title='bbox 1984 3353 2249 3426; x_wconf 92' lang='lat' dir='ltr'>dicitur,</span> <span class='ocrx_word' id='word_1_245' title='bbox 2303 3357 2446 3415; x_wconf 89' lang='lat' dir='ltr'>“ne</span> <span class='ocrx_word' id='word_1_246' title='bbox 2495 3372 2652 3434; x_wconf 91' lang='lat' dir='ltr'>pro-</span> 
     </span>
     <span class='ocr_line' id='line_1_30' title="bbox 400 3443 2656 3529; baseline -0 -18"><span class='ocrx_word' id='word_1_247' title='bbox 400 3448 596 3512; x_wconf 82' lang='lat' dir='ltr'>fanet</span> <span class='ocrx_word' id='word_1_248' title='bbox 622 3466 858 3510; x_wconf 89' lang='lat' dir='ltr'>semen</span> <span class='ocrx_word' id='word_1_249' title='bbox 884 3465 1075 3510; x_wconf 91' lang='lat' dir='ltr'>suum</span> <span class='ocrx_word' id='word_1_250' title='bbox 1108 3447 1175 3509; x_wconf 87' lang='lat' dir='ltr'>in</span> <span class='ocrx_word' id='word_1_251' title='bbox 1209 3446 1475 3528; x_wconf 91' lang='lat' dir='ltr'>populis</span> <span class='ocrx_word' id='word_1_252' title='bbox 1499 3447 1636 3509; x_wconf 91' lang='lat' dir='ltr'>suis</span> <span class='ocrx_word' id='word_1_253' title='bbox 1660 3445 1712 3524; x_wconf 92' lang='lat'>;”</span> <span class='ocrx_word' id='word_1_254' title='bbox 1737 3466 1855 3529; x_wconf 87' lang='lat' dir='ltr'>per</span> <span class='ocrx_word' id='word_1_255' title='bbox 1879 3452 1918 3478; x_wconf 78' lang='lat'>‘⁴</span> <span class='ocrx_word' id='word_1_256' title='bbox 1936 3466 2170 3510; x_wconf 90' lang='lat' dir='ltr'>semen</span> <span class='ocrx_word' id='word_1_257' title='bbox 2187 3446 2216 3470; x_wconf 76' lang='lat'>’³</span> <span class='ocrx_word' id='word_1_258' title='bbox 2237 3443 2656 3527; x_wconf 88' lang='lat' dir='ltr'>significatur</span> 
     </span>
     <span class='ocr_line' id='line_1_31' title="bbox 400 3536 2653 3624; baseline 0 -19"><span class='ocrx_word' id='word_1_259' title='bbox 400 3542 777 3624; x_wconf 89' lang='lat' dir='ltr'>genuinum</span> <span class='ocrx_word' id='word_1_260' title='bbox 805 3560 1038 3604; x_wconf 91' lang='lat' dir='ltr'>verum</span> <span class='ocrx_word' id='word_1_261' title='bbox 1064 3538 1437 3615; x_wconf 66' lang='lat' dir='ltr'>doctrinae,</span> <span class='ocrx_word' id='word_1_262' title='bbox 1464 3549 1537 3603; x_wconf 92' lang='lat' dir='ltr'>et</span> <span class='ocrx_word' id='word_1_263' title='bbox 1568 3540 1726 3603; x_wconf 90' lang='lat' dir='ltr'>inde</span> <span class='ocrx_word' id='word_1_264' title='bbox 1752 3560 2019 3622; x_wconf 89' lang='lat' dir='ltr'>quoque</span> <span class='ocrx_word' id='word_1_265' title='bbox 2045 3536 2353 3603; x_wconf 65' lang='lat' dir='ltr'>doctrina</span> <span class='ocrx_word' id='word_1_266' title='bbox 2377 3542 2653 3622; x_wconf 88' lang='lat' dir='ltr'>genuini</span> 
     </span>
     <span class='ocr_line' id='line_1_32' title="bbox 402 3633 2655 3718; baseline -0 -19"><span class='ocrx_word' id='word_1_267' title='bbox 402 3637 549 3700; x_wconf 91' lang='lat' dir='ltr'>veri</span> <span class='ocrx_word' id='word_1_268' title='bbox 616 3655 707 3698; x_wconf 88' lang='lat' dir='ltr'>ex</span> <span class='ocrx_word' id='word_1_269' title='bbox 772 3635 959 3697; x_wconf 89' lang='lat' dir='ltr'>bono</span> <span class='ocrx_word' id='word_1_270' title='bbox 1023 3635 1273 3697; x_wconf 86' lang='lat' dir='ltr'>amoris</span> <span class='ocrx_word' id='word_1_271' title='bbox 1332 3633 1673 3706; x_wconf 88' lang='lat' dir='ltr'>caelestis,</span> <span class='ocrx_word' id='word_1_272' title='bbox 1735 3644 1806 3698; x_wconf 90' lang='lat' dir='ltr'>et</span> <span class='ocrx_word' id='word_1_273' title='bbox 1873 3654 1992 3717; x_wconf 92' lang='lat' dir='ltr'>per</span> <span class='ocrx_word' id='word_1_274' title='bbox 2054 3633 2402 3717; x_wconf 87' lang='lat' dir='ltr'>“populos</span> <span class='ocrx_word' id='word_1_275' title='bbox 2467 3635 2609 3718; x_wconf 89' lang='lat' dir='ltr'>ejus</span> <span class='ocrx_word' id='word_1_276' title='bbox 2625 3637 2655 3662; x_wconf 87' lang='lat'>’&#39;</span> 
     </span>
     <span class='ocr_line' id='line_1_33' title="bbox 402 3725 2655 3812; baseline 0 -18"><span class='ocrx_word' id='word_1_277' title='bbox 402 3728 881 3812; x_wconf 85' lang='lat' dir='ltr'>significantur</span> <span class='ocrx_word' id='word_1_278' title='bbox 911 3729 1006 3792; x_wconf 84' lang='lat' dir='ltr'>illi</span> <span class='ocrx_word' id='word_1_279' title='bbox 1037 3729 1151 3811; x_wconf 90' lang='lat' dir='ltr'>qui</span> <span class='ocrx_word' id='word_1_280' title='bbox 1185 3729 1272 3792; x_wconf 92' lang='lat' dir='ltr'>ab</span> <span class='ocrx_word' id='word_1_281' title='bbox 1304 3728 1618 3804; x_wconf 91' lang='lat' dir='ltr'>ecclesia,</span> <span class='ocrx_word' id='word_1_282' title='bbox 1645 3731 1714 3792; x_wconf 90' lang='lat' dir='ltr'>in</span> <span class='ocrx_word' id='word_1_283' title='bbox 1747 3749 1880 3811; x_wconf 92' lang='lat' dir='ltr'>qua</span> <span class='ocrx_word' id='word_1_284' title='bbox 1905 3738 2012 3792; x_wconf 89' lang='lat' dir='ltr'>est</span> <span class='ocrx_word' id='word_1_285' title='bbox 2043 3725 2354 3792; x_wconf 65' lang='lat' dir='ltr'>doctrina</span> <span class='ocrx_word' id='word_1_286' title='bbox 2378 3732 2655 3811; x_wconf 88' lang='lat' dir='ltr'>genuini</span> 
     </span>
     <span class='ocr_line' id='line_1_34' title="bbox 400 3823 2653 3908; baseline -0.001 -18"><span class='ocrx_word' id='word_1_287' title='bbox 400 3826 551 3890; x_wconf 85' lang='lat' dir='ltr'>veri</span> <span class='ocrx_word' id='word_1_288' title='bbox 588 3845 679 3888; x_wconf 88' lang='lat' dir='ltr'>ex</span> <span class='ocrx_word' id='word_1_289' title='bbox 720 3824 993 3888; x_wconf 87' lang='lat' dir='ltr'>Verbo:</span> <span class='ocrx_word' id='word_1_290' title='bbox 1050 3834 1122 3887; x_wconf 91' lang='lat' dir='ltr'>et</span> <span class='ocrx_word' id='word_1_291' title='bbox 1169 3825 1326 3905; x_wconf 89' lang='lat' dir='ltr'>quia</span> <span class='ocrx_word' id='word_1_292' title='bbox 1362 3824 1428 3887; x_wconf 93' lang='lat' dir='ltr'>id</span> <span class='ocrx_word' id='word_1_293' title='bbox 1476 3834 1622 3888; x_wconf 88' lang='lat' dir='ltr'>erat</span> <span class='ocrx_word' id='word_1_294' title='bbox 1661 3825 2317 3905; x_wconf 88' lang='lat' dir='ltr'>repraesentativum</span> <span class='ocrx_word' id='word_1_295' title='bbox 2357 3823 2653 3908; x_wconf 90' lang='lat' dir='ltr'>conjugii</span> 
     </span>
     <span class='ocr_line' id='line_1_35' title="bbox 403 3917 2650 4001; baseline -0 -17"><span class='ocrx_word' id='word_1_296' title='bbox 403 3919 753 3992; x_wconf 79' lang='lat' dir='ltr'>caelestiS,</span> <span class='ocrx_word' id='word_1_297' title='bbox 811 3918 992 4001; x_wconf 93' lang='lat' dir='ltr'>quod</span> <span class='ocrx_word' id='word_1_298' title='bbox 1052 3927 1160 3982; x_wconf 91' lang='lat' dir='ltr'>est</span> <span class='ocrx_word' id='word_1_299' title='bbox 1230 3917 1506 3980; x_wconf 89' lang='lat' dir='ltr'>Domini</span> <span class='ocrx_word' id='word_1_300' title='bbox 1571 3938 1728 3981; x_wconf 91' lang='lat' dir='ltr'>cum</span> <span class='ocrx_word' id='word_1_301' title='bbox 1796 3917 2110 3993; x_wconf 90' lang='lat' dir='ltr'>ecclesia,</span> <span class='ocrx_word' id='word_1_302' title='bbox 2171 3918 2327 3982; x_wconf 92' lang='lat' dir='ltr'>ideo</span> <span class='ocrx_word' id='word_1_303' title='bbox 2385 3919 2650 3994; x_wconf 69' lang='lat' dir='ltr'>dicitur,</span> 
     </span>
     <span class='ocr_line' id='line_1_36' title="bbox 406 4009 2654 4096; baseline 0 -19"><span class='ocrx_word' id='word_1_304' title='bbox 406 4014 631 4096; x_wconf 86' lang='lat' dir='ltr'>“Ego</span> <span class='ocrx_word' id='word_1_305' title='bbox 672 4012 987 4094; x_wconf 88' lang='lat' dir='ltr'>Jehovah</span> <span class='ocrx_word' id='word_1_306' title='bbox 1028 4009 1458 4077; x_wconf 67' lang='lat' dir='ltr'>sanctificans</span> <span class='ocrx_word' id='word_1_307' title='bbox 1494 4011 1745 4075; x_wconf 88' lang='lat' dir='ltr'>illum.”</span> <span class='ocrx_word' id='word_1_308' title='bbox 1834 4011 2012 4094; x_wconf 80' lang='lat' dir='ltr'>Quia</span> <span class='ocrx_word' id='word_1_309' title='bbox 2056 4033 2174 4095; x_wconf 91' lang='lat' dir='ltr'>per</span> <span class='ocrx_word' id='word_1_310' title='bbox 2219 4014 2654 4079; x_wconf 90' lang='lat' dir='ltr'>sacerdotem</span> 
     </span>
     <span class='ocr_line' id='line_1_37' title="bbox 404 4107 2656 4190; baseline -0 -17"><span class='ocrx_word' id='word_1_311' title='bbox 404 4128 739 4190; x_wconf 89' lang='lat' dir='ltr'>magnum</span> <span class='ocrx_word' id='word_1_312' title='bbox 814 4116 1371 4190; x_wconf 88' lang='lat' dir='ltr'>repraesentatus</span> <span class='ocrx_word' id='word_1_313' title='bbox 1442 4116 1548 4171; x_wconf 85' lang='lat' dir='ltr'>est</span> <span class='ocrx_word' id='word_1_314' title='bbox 1626 4107 1962 4170; x_wconf 90' lang='lat' dir='ltr'>Dominus</span> <span class='ocrx_word' id='word_1_315' title='bbox 2032 4108 2259 4190; x_wconf 92' lang='lat' dir='ltr'>quoad</span> <span class='ocrx_word' id='word_1_316' title='bbox 2334 4107 2656 4172; x_wconf 88' lang='lat' dir='ltr'>Divinum</span> 
     </span>
     <span class='ocr_line' id='line_1_38' title="bbox 407 4200 2654 4292; baseline 0 -26"><span class='ocrx_word' id='word_1_317' title='bbox 407 4202 768 4292; x_wconf 90' lang='lat' dir='ltr'>[Bonum],</span> <span class='ocrx_word' id='word_1_318' title='bbox 818 4211 889 4265; x_wconf 92' lang='lat' dir='ltr'>et</span> <span class='ocrx_word' id='word_1_319' title='bbox 937 4221 1055 4284; x_wconf 92' lang='lat' dir='ltr'>per</span> <span class='ocrx_word' id='word_1_320' title='bbox 1096 4207 1395 4266; x_wconf 85' lang='lat' dir='ltr'>“semen</span> <span class='ocrx_word' id='word_1_321' title='bbox 1412 4201 1441 4226; x_wconf 90' lang='lat'><strong>”</strong></span> <span class='ocrx_word' id='word_1_322' title='bbox 1486 4200 1628 4283; x_wconf 86' lang='lat' dir='ltr'>ejus</span> <span class='ocrx_word' id='word_1_323' title='bbox 1674 4201 2129 4284; x_wconf 85' lang='lat' dir='ltr'>significatum</span> <span class='ocrx_word' id='word_1_324' title='bbox 2177 4212 2285 4265; x_wconf 85' lang='lat' dir='ltr'>est</span> <span class='ocrx_word' id='word_1_325' title='bbox 2331 4201 2654 4266; x_wconf 90' lang='lat' dir='ltr'>Divinum</span> 
     </span>
     <span class='ocr_line' id='line_1_39' title="bbox 404 4295 2656 4381; baseline -0.001 -20"><span class='ocrx_word' id='word_1_326' title='bbox 404 4297 691 4374; x_wconf 90' lang='lat' dir='ltr'>Verum,</span> <span class='ocrx_word' id='word_1_327' title='bbox 732 4298 919 4381; x_wconf 93' lang='lat' dir='ltr'>quod</span> <span class='ocrx_word' id='word_1_328' title='bbox 963 4297 1145 4360; x_wconf 91' lang='lat' dir='ltr'>idem</span> <span class='ocrx_word' id='word_1_329' title='bbox 1191 4305 1299 4361; x_wconf 91' lang='lat' dir='ltr'>est</span> <span class='ocrx_word' id='word_1_330' title='bbox 1343 4316 1498 4360; x_wconf 91' lang='lat' dir='ltr'>cum</span> <span class='ocrx_word' id='word_1_331' title='bbox 1540 4298 1840 4379; x_wconf 86' lang='lat' dir='ltr'>genuino</span> <span class='ocrx_word' id='word_1_332' title='bbox 1878 4317 2041 4361; x_wconf 89' lang='lat' dir='ltr'>vero</span> <span class='ocrx_word' id='word_1_333' title='bbox 2086 4295 2457 4374; x_wconf 72' lang='lat' dir='ltr'>doctrinae,</span> <span class='ocrx_word' id='word_1_334' title='bbox 2498 4297 2656 4360; x_wconf 91' lang='lat' dir='ltr'>ideo</span> 
     </span>
     <span class='ocr_line' id='line_1_40' title="bbox 404 4402 899 4460; baseline -0.006 -2"><span class='ocrx_word' id='word_1_335' title='bbox 404 4403 749 4460; x_wconf 87' lang='lat' dir='ltr'>statutum</span> <span class='ocrx_word' id='word_1_336' title='bbox 789 4402 899 4456; x_wconf 88' lang='lat' dir='ltr'>est</span> 
     </span>
    </p>
   </div>
   <div class='ocr_carea' id='block_1_5' title="bbox 498 4517 2656 4679">
    <p class='ocr_par' dir='ltr' id='par_1_5' title="bbox 498 4517 2656 4679">
     <span class='ocr_line' id='line_1_41' title="bbox 498 4517 2656 4618; baseline -0.002 -16"><span class='ocrx_word' id='word_1_337' title='bbox 498 4550 661 4618; x_wconf 75' lang='lat' dir='ltr'>Quod</span> <span class='ocrx_word' id='word_1_338' title='bbox 688 4563 803 4600; x_wconf 85' lang='lat' dir='ltr'>non</span> <span class='ocrx_word' id='word_1_339' title='bbox 830 4547 911 4598; x_wconf 78' lang='lat' dir='ltr'>vir</span> <span class='ocrx_word' id='word_1_340' title='bbox 928 4547 1151 4608; x_wconf 82' lang='lat' dir='ltr'>alienus,</span> <span class='ocrx_word' id='word_1_341' title='bbox 1175 4517 1263 4611; x_wconf 54' lang='lat' dir='ltr'>uui</span> <span class='ocrx_word' id='word_1_342' title='bbox 1288 4561 1399 4597; x_wconf 86' lang='lat' dir='ltr'>non</span> <span class='ocrx_word' id='word_1_343' title='bbox 1424 4561 1492 4598; x_wconf 87' lang='lat' dir='ltr'>ex</span> <span class='ocrx_word' id='word_1_344' title='bbox 1514 4548 1724 4598; x_wconf 72' lang='lat' dir='ltr'>semine</span> <span class='ocrx_word' id='word_1_345' title='bbox 1750 4546 2022 4598; x_wconf 79' lang='lat' dir='ltr'>Aharonis</span> <span class='ocrx_word' id='word_1_346' title='bbox 2049 4557 2146 4608; x_wconf 80' lang='lat' dir='ltr'>est,</span> <span class='ocrx_word' id='word_1_347' title='bbox 2171 4549 2390 4598; x_wconf 78' lang='lat' dir='ltr'>accedet</span> <span class='ocrx_word' id='word_1_348' title='bbox 2415 4547 2486 4598; x_wconf 82' lang='lat' dir='ltr'>ad</span> <span class='ocrx_word' id='word_1_349' title='bbox 2512 4547 2656 4597; x_wconf 76' lang='lat' dir='ltr'>suffi-</span> 
     </span>
     <span class='ocr_line' id='line_1_42' title="bbox 664 4609 2652 4679; baseline -0.002 -12"><span class='ocrx_word' id='word_1_350' title='bbox 664 4615 873 4668; x_wconf 83' lang='lat' dir='ltr'>endum</span> <span class='ocrx_word' id='word_1_351' title='bbox 898 4613 1258 4664; x_wconf 79' lang='lat' dir='ltr'>suffimentum</span> <span class='ocrx_word' id='word_1_352' title='bbox 1283 4627 1462 4664; x_wconf 87' lang='lat' dir='ltr'>coram</span> <span class='ocrx_word' id='word_1_353' title='bbox 1487 4613 1732 4678; x_wconf 76' lang='lat' dir='ltr'>Jehovah</span> <span class='ocrx_word' id='word_1_354' title='bbox 1754 4613 1943 4676; x_wconf 84' lang='lat' dir='ltr'>(Num.</span> <span class='ocrx_word' id='word_1_355' title='bbox 1969 4613 2094 4664; x_wconf 82' lang='lat' dir='ltr'>xvii.</span> <span class='ocrx_word' id='word_1_356' title='bbox 2122 4625 2147 4674; x_wconf 86' lang='grc'><strong>5</strong></span> <span class='ocrx_word' id='word_1_357' title='bbox 2171 4610 2262 4679; x_wconf 87' lang='lat' dir='ltr'>[B.</span> <span class='ocrx_word' id='word_1_358' title='bbox 2287 4615 2356 4664; x_wconf 89' lang='lat' dir='ltr'>A.</span> <span class='ocrx_word' id='word_1_359' title='bbox 2375 4614 2480 4664; x_wconf 82' lang='lat' dir='ltr'>xvi.</span> <span class='ocrx_word' id='word_1_360' title='bbox 2509 4609 2652 4675; x_wconf 79' lang='lat'>40]):</span> 
     </span>
    </p>
   </div>
  </div>
 </body>
</html>
