3259 5384
630 640 801 709 2086
1258 654 1762 711 APOCALYPSIS
1805 656 2261 711 Exch‘rA.

633 836 1127 897 “commovere
1166 842 1441 911 terram,
1482 834 1925 900 tremefacere
1961 856 2196 917 regna,
2237 856 2491 919 ponere
2529 836 2764 901 orbem
2805 836 2866 899 in

628 926 999 1003 desertum,
1048 937 1120 992 et
1166 929 1364 992 urbes
1410 928 1552 1011 ejus
1598 930 2011 1011 destruere,”
2057 929 2480 1013 significatur
2522 931 2867 994 destruere

628 1020 859 1083 omnia
883 1020 1213 1086 ecclesiae
1242 1026 1320 1100 ;“
1338 1031 1525 1087 terra
1540 1021 1571 1049 ”
1593 1033 1703 1088 est
1727 1023 2020 1089 ecclesia
2044 1025 2267 1108 quoad
2293 1023 2868 1107 verum,“regna''

629 1124 789 1177 sunt
820 1114 1155 1179 ecclesiae
1181 1114 1547 1181 distinctae
1579 1118 1952 1181 secundum
1982 1139 2165 1193 vera,
2196 1123 2237 1150 “
2258 1118 2439 1181 orbis
2456 1117 2486 1140 ”
2510 1126 2618 1181 est
2651 1116 2869 1181 eccle-

630 1210 730 1272 sia
754 1209 977 1293 quoad
1012 1210 1286 1285 bonum,
1313 1220 1385 1275 et
1416 1216 1456 1243 ‘⁸
1474 1211 1724 1276 urbes”
1747 1221 1908 1275 sunt
1931 1210 2336 1275 doctrinalia
2362 1232 2376 1275 ε
2418 1232 2538 1294 per
2565 1218 2605 1243 “
2624 1230 2870 1294 ponere

630 1302 783 1367 filiis
820 1304 963 1385 ejus
1000 1302 1491 1369 mactationem
1530 1305 1619 1369 ob
1655 1307 2088 1390 iniquitatem
2122 1316 2391 1389 patrum
2424 1306 2708 1371 eorum'’
2738 1307 2869 1390 sig-

630 1396 945 1463 nificatur
980 1397 1357 1463 destructio
1392 1398 1715 1464 falsorum
1753 1400 2188 1465 oriundorum
2227 1421 2318 1465 ex
2366 1401 2565 1463 malis
2599 1418 2869 1477 eorum3

633 1496 777 1556 “ne
809 1492 1206 1575 possideant
1240 1504 1517 1569 terram,
1544 1503 1615 1559 et
1646 1494 2060 1577 impleantur
2089 1495 2294 1559 facies
2325 1496 2509 1558 orbis
2539 1493 2869 1571 urbibuS,”

630 1585 970 1669 significat
1004 1606 1089 1651 ne
1120 1586 1291 1651 falsa
1314 1598 1385 1652 et
1420 1588 1621 1663 mala,
1651 1598 1722 1653 et
1757 1609 1848 1653 ex
1879 1588 2012 1651 illis
2039 1586 2464 1663 doctrinalia,
2493 1588 2871 1653 universam

630 1679 993 1744 ecclesiam
1030 1691 1391 1765 occupent.
1484 1682 1693 1765 Apud
1734 1682 2050 1759 eundem,

646 1792 653 1800 ⁸
730 1816 1003 1879 “Lugebit
1026 1826 1080 1867 et
1103 1816 1465 1868 confundetur
1482 1826 1640 1877 terra,
1659 1817 1972 1881 languescet
1989 1826 2046 1867 et
2067 1816 2427 1867 confundetur
2443 1816 2608 1874 orbis,
2628 1815 2876 1879 langues-

889 1891 1027 1941 cent,
1052 1882 1277 1932 altitudo
1305 1882 1489 1945 populi
1518 1892 1708 1943 terrae,
1736 1892 1792 1933 et
1826 1883 1945 1947 ipsa
1973 1890 2118 1933 terra
2143 1882 2517 1947 profanabitur
2540 1883 2644 1932 sub
2670 1882 2876 1932 habita-

891 1948 1099 1998 toribus
1122 1948 1235 1999 suis
1248 1946 1279 1968 '²
1300 1948 1463 2011 (xxiv.
1482 1962 1530 2009 4,
1552 1948 1632 2011 5):

632 2080 972 2145 desolatio
1003 2080 1335 2145 ecclesiae
1366 2080 1592 2165 quoad
1624 2102 1788 2146 vera
1816 2090 1888 2145 et
1920 2081 2105 2145 bona
2127 2078 2290 2163 ejus,
2318 2091 2600 2163 propter
2627 2079 2877 2143 fastum

630 2176 942 2258 propriae
988 2173 1515 2258 intelligentiae,
1562 2195 1644 2240 ac
1707 2175 2090 2258 profanatio
2134 2177 2504 2239 veritatum
2558 2194 2733 2261 quae
2787 2194 2876 2237 ex

632 2268 816 2332 bono
830 2278 1012 2344 sunt,
1029 2270 1129 2332 ita
1146 2270 1553 2334 describitur
1574 2289 1590 2348 ;
1624 2267 1968 2334 desolatio
1981 2268 2386 2333 describitur
2401 2289 2521 2352 per
2539 2273 2555 2300 ⁴
2565 2274 2580 2299 ‘
2599 2268 2836 2351 lugere
2849 2267 2878 2293 ”

636 2367 677 2395 “
694 2361 1072 2437 confundi,”
1092 2374 1164 2427 et
1191 2362 1694 2447 “languescere
1719 2362 1772 2441 3⁹²
1809 2362 2101 2427 ecclesia
2121 2362 2346 2447 quoad
2368 2383 2529 2426 vera
2549 2371 2623 2425 et
2650 2362 2876 2445 quoad

632 2456 814 2520 bona
867 2456 1287 2540 significatur
1346 2478 1467 2541 per
1528 2463 1842 2521 “terram
1860 2456 1891 2482 ’'
1945 2468 2018 2522 et
2073 2478 2194 2541 per
2242 2456 2535 2521 “orbem
2557 2454 2613 2535 ;'’
2666 2456 2881 2521 fastus

631 2552 943 2633 propriae
973 2550 1478 2635 intelligentiae
1510 2572 1631 2635 per
1659 2551 2156 2616 “altitudinem
2187 2550 2419 2634 populi
2453 2561 2678 2614 terrae
2701 2549 2759 2629 ;”
2803 2568 2880 2613 ac

630 2644 1017 2727 profanatio
1054 2647 1429 2711 veritatum
1468 2666 1644 2729 quae
1681 2667 1773 2709 ex
1807 2645 2011 2723 bono,
2053 2666 2171 2729 per
2215 2646 2396 2729 quod
2441 2652 2683 2708 “terra
2723 2664 2882 2728 pro·

629 2738 970 2804 sanabitur
1004 2740 1131 2803 sub
1166 2738 1676 2805 habitatoribus
1714 2739 1912 2804 sui3.”
2001 2738 2210 2823 Apud
2243 2738 2540 2813 Nahum,

730 2884 762 2908 ‘⁴
774 2881 993 2935 Montes
1034 2882 1451 2933 contremiscent
1489 2896 1672 2933 coram
1717 2881 1862 2945 Ipso,
1895 2892 1951 2933 et
1990 2882 2158 2933 colle·
2187 2882 2493 2946 liquefient3
2538 2882 2885 2931 comburetur

893 2957 1037 2999 terra
1060 2963 1242 2999 coram
1269 2946 1411 3013 Ipso,
1436 2956 1491 2998 et
1512 2948 1663 2998 orbis
1685 2957 1739 2998 et
1763 2962 1954 2998 omnes
1976 2947 2282 2997 habitantes
2307 2948 2364 2997 in
2387 2961 2455 2997 eo
2469 2945 2498 2965 ’⁹
2516 2946 2570 3009 (ἰ.
2598 2946 2679 3008 5):

631 3092 791 3177 quid
835 3090 1258 3175 significatur
1302 3110 1424 3173 per
1467 3094 1801 3153 “montes
1819 3088 1852 3115 ”
1888 3090 2000 3172 qui
2046 3089 2606 3163 contremiscent,
2643 3096 2718 3153 et
2766 3106 2885 3171 per

635 3182 959 3247 “colles”
996 3183 1109 3266 qui
1154 3180 1537 3265 liquefient,
1576 3182 1899 3245 videatur
1933 3200 2138 3263 supra
2175 3196 2245 3255 (ιι.
2272 3192 2708 3259 4οο[ι],405);
2765 3198 2886 3263 per

635 3282 947 3341 “terram
963 3274 995 3299 ”
1046 3284 1303 3349 autem,
1349 3283 1423 3339 et
1484 3294 1609 3356 per
1657 3272 1973 3347 “orbem,
2027 3282 2100 3337 et
2155 3272 2550 3336 habitantes
2607 3271 2678 3335 in
2737 3268 2885 3347 eo,’'

631 3391 807 3454 quae
872 3367 1517 3444 “combuerentur‚”
1570 3365 1994 3449 significatur
2058 3367 2240 3450 quod
2293 3365 2605 3442 ecclesia,
2655 3366 2888 3449 quoad

632 3466 863 3529 omnia
899 3484 1060 3528 vera
1101 3474 1172 3527 et
1219 3464 1401 3527 bona
1436 3459 1600 3545 ejuS,
1641 3482 1761 3545 per
1803 3480 2108 3525 amorem
2145 3459 2547 3524 infernalem
2583 3462 2888 3544 peritura

630 3560 741 3624 sit.
831 3556 1041 3643 Apud
1078 3556 1436 3633 Davidem,

730 3693 759 3716 ‘⁸
774 3692 1155 3755 Appamerunt
1176 3690 1317 3741 alvei
1340 3703 1617 3753 aquarum,
1641 3702 1704 3739 ae
1731 3689 1971 3739 revelata
1993 3698 2120 3739 sunt
2147 3688 2500 3739 fundamenta
2519 3688 2686 3747 orbis.
2711 3690 2784 3739 ab
2811 3690 2890 3739 in·

890 3758 1198 3819 crepatione
1221 3765 1328 3815 tua,
1353 3754 1615 3821 Jehovah,
1641 3769 1676 3804 a
1701 3754 1832 3805 flatu
1857 3754 2078 3817 spiritus
2105 3754 2224 3803 nasi
2249 3754 2326 3804 tui
2343 3753 2371 3773 ”
2394 3754 2506 3817 (Ps.
2530 3754 2675 3803 xviii.
2707 3756 2774 3804 16
2799 3750 2888 3819 [B.

889 3824 957 3872 A.
982 3818 1101 3887 15];
1137 3818 1221 3870 1¹12
1249 3822 1387 3871 Sam.
1410 3820 1537 3871 xxii.
1566 3820 1680 3883 16):

629 3954 811 4038 quod
856 3952 1157 4018 funditus
1202 3972 1443 4022 eversa
1486 3954 1625 4017 sint
1673 3952 1908 4016 omnia
1951 3950 2286 4017 ecclesiae
2333 3952 2558 4035 quoad
2604 3972 2774 4017 vera
2817 3962 2886 4017 et

629 4049 855 4132 quoad
888 4048 1069 4111 bona
1100 4046 1264 4129 ejuS‚
1295 4044 1719 4129 significatur
1749 4066 1873 4129 per
1903 4044 2438 4129 “Apparuerunt
2471 4045 2650 4109 alvei
2673 4066 2887 4131 aqua-

628 4160 799 4215 rum,
834 4152 907 4206 et
938 4142 1245 4205 revelata
1277 4150 1437 4205 sunt
1469 4140 1916 4205 fundamenta
1947 4140 2128 4203 orbis
2152 4139 2207 4218 ;”
2248 4139 2481 4203 “alvei
2513 4159 2844 4223 aquarum
2859 4138 2890 4165 ”

628 4245 788 4301 sunt
826 4257 1007 4313 vera,
1042 4245 1112 4302 et
1149 4236 1662 4300 “fundamenta
1697 4234 1931 4299 orbis”
1963 4245 2124 4298 sunt
2161 4234 2343 4297 bona
2379 4232 2562 4316 ejus:
2615 4241 2889 4319 “appa-

628 4352 777 4396 rere
793 4331 823 4357 '¹
848 4342 921 4396 et
951 4330 1294 4396 “revelari
1311 4330 1343 4357 ”
1370 4328 1714 4413 significat
1745 4329 2047 4393 funditus
2078 4330 2332 4392 everti:
2381 4329 2562 4411 quod
2596 4332 2886 4394 exitium

628 4425 797 4491 illud
856 4427 945 4490 sit
1006 4446 1097 4490 ex
1156 4424 1317 4489 odio
1376 4434 1448 4489 et
1502 4444 1596 4489 ex
1657 4424 1878 4488 surore
1925 4422 2258 4486 malorum
2315 4433 2560 4485 contra
2615 4422 2886 4497 Divina,

628 4519 1053 4603 significatur
1096 4540 1217 4604 per
1260 4519 1407 4585 “ab
1453 4519 1924 4600 increpatione
1963 4528 2104 4593 tua,
2141 4516 2476 4599 Jehovah‚
2517 4526 2588 4581 et
2635 4538 2676 4579 a
2723 4516 2884 4581 flatu

627 4616 905 4698 spiritus
942 4616 1089 4679 nasi
1134 4614 1234 4680 tui
1257 4613 1315 4695 ;”
1362 4632 1483 4697 per
1523 4612 2121 4697 “increpationem
2139 4610 2172 4637 '³
2207 4620 2281 4675 et
2323 4611 2692 4693 “spiritum
2739 4610 2882 4675 nasi
