3259 5384
656 683 823 748 2142
1274 679 1776 732 APOCALYPSIS
1824 678 2276 731 EXPLICATA.

656 871 775 932 per
824 855 863 884 ‘⁸
886 859 1137 915 terram
1154 849 1184 874 ’⁸
1230 871 1433 932 quam
1486 851 1674 914 Deus
1727 851 2064 926 formavit,
2111 859 2183 914 et
2239 870 2362 931 per
2407 847 2692 912 “caelos
2709 848 2739 873 ’⁹
2779 849 2878 931 qui

654 964 826 1026 opus
862 965 1182 1009 manuum
1222 945 1459 1026 Ipsius,
1494 947 1607 1028 qui
1645 946 1982 1026 peribunt,
2017 943 2436 1026 significatur
2465 942 2682 1006 simile
2711 939 2873 1024 quod

656 1061 775 1122 per
816 1041 1162 1121 “priorem
1200 1038 1497 1103 terram”
1534 1049 1604 1102 et
1649 1045 1688 1072 ‘⁸
1713 1040 1892 1122 prius
1928 1037 2239 1103 caelum”
2277 1058 2450 1120 quae
2493 1037 2879 1101 transierant

662 1133 759 1215 (in
798 1134 1233 1215 Apocalypsi,
1274 1153 1420 1215 cap.
1460 1134 1605 1198 xxi.
1653 1151 1676 1196 1
1709 1155 1724 1211 ;
1771 1135 1860 1198 de
1895 1135 2136 1216 quibus
2171 1132 2334 1214 ibi);
2395 1142 2469 1195 et
2515 1133 2668 1213 quia
2701 1131 2879 1194 facies

655 1238 875 1292 terrae
929 1237 1001 1292 et
1056 1227 1397 1291 caelorum
1454 1229 1519 1290 in
1566 1227 1822 1291 mundo
1865 1227 2216 1308 spirituali,
2263 1227 2372 1290 die
2421 1226 2640 1288 ultimi
2677 1221 2880 1305 judicii

660 1341 931 1402 prorsus
986 1321 1375 1397 mutabitur,
1430 1341 1509 1385 ac
1573 1321 1728 1386 loco
1781 1323 2074 1402 priorum
2137 1339 2314 1384 nova
2373 1329 2556 1384 terra
2612 1329 2685 1382 et
2743 1317 2882 1380 novi

658 1416 828 1479 caeli
871 1416 1092 1489 futuri,
1142 1417 1296 1480 ideo
1342 1417 1587 1480 dicitur
1630 1416 1812 1498 quod
1863 1421 2160 1479 “omnes
2213 1416 2390 1478 sicut
2437 1423 2666 1478 vestes
2711 1423 2881 1476 vete-

656 1521 949 1584 rascent,
1004 1512 1177 1574 sicut
1230 1520 1495 1574 vestem
1551 1509 1870 1584 mutabis,
1925 1519 1998 1574 et
2052 1510 2494 1573 mutabuntur
2515 1507 2568 1570 :”
2628 1525 2883 1586 compa-

657 1615 891 1668 rantur
944 1606 1269 1677 vestibus,
1332 1605 1487 1687 quia
1545 1610 1832 1668 “vestes
1851 1603 1880 1628 ”
1933 1603 2317 1686 significant
2373 1623 2536 1666 vera
2594 1613 2882 1672 externa,

659 1717 829 1779 quae
876 1698 1009 1760 illis
1054 1699 1165 1780 qui
1212 1699 1279 1760 in
1327 1697 1525 1779 priori
1574 1697 1770 1762 caelo
1813 1707 1886 1760 et
1941 1698 2007 1760 in
2056 1698 2254 1777 priori
2300 1707 2502 1770 terra,
2551 1715 2723 1778 quae
2767 1711 2886 1755 non

660 1804 1085 1872 permanent,
1127 1792 1281 1874 quia
1326 1793 1391 1854 in
1431 1793 1605 1854 veris
1647 1792 1931 1855 internis
1977 1811 2114 1854 non
2161 1800 2362 1854 sunt:
2421 1801 2644 1852 status
2683 1786 2888 1850 Divini

661 1885 846 1961 Veri,
885 1886 1064 1968 quod
1104 1907 1143 1948 a
1177 1886 1473 1948 Domino
1504 1887 1569 1948 in
1603 1897 1959 1948 aeternum
1991 1904 2502 1966 permansurum
2536 1894 2663 1956 est,
2697 1882 2888 1962 signi-

661 1978 901 2043 fleatur
956 1999 1075 2061 per
1125 1979 1289 2042 “Tu
1340 1981 1698 2062 perstabiS‚
1748 1990 1818 2042 et
1873 1979 1978 2042 Tu
2032 1980 2232 2054 idem,
2281 1989 2352 2041 et
2408 1979 2566 2040 anni
2620 1977 2718 2040 tui
2765 1993 2886 2037 non

662 2084 1145 2137 consumentur
1170 2073 1223 2151 ;”
1268 2094 1387 2155 per
1414 2079 1692 2138 “annos
1725 2073 1852 2136 Dei
1869 2072 1898 2098 ’'
1931 2072 2397 2155 significantur
2427 2082 2648 2136 status
2683 2069 2890 2134 Divini

662 2167 866 2231 Veri:
920 2167 1091 2231 “filii
1132 2187 1477 2232 servorum
1514 2178 1786 2231 tuorum
1826 2167 2252 2242 habitabunt,
2293 2176 2364 2231 et
2402 2185 2635 2229 semen
2675 2181 2890 2228 eorum

662 2281 889 2325 coram
918 2261 1018 2324 Te
1052 2262 1487 2336 stabilietur,”
1513 2243 1850 2344 significat
1883 2263 2065 2344 quod
2098 2261 2362 2344 angelis
2393 2273 2464 2325 et
2497 2260 2886 2330 hominibuS,

667 2357 779 2438 qui
813 2359 1238 2438 receptiones
1274 2357 1497 2420 Divini
1530 2355 1695 2420 Veri
1728 2367 1907 2432 sunt,
1943 2357 2085 2420 vita
2117 2367 2396 2420 aeterna
2425 2357 2575 2430 erit,
2609 2375 2687 2419 ac
2725 2353 2890 2437 quod

664 2471 824 2513 vera
878 2449 1227 2514 doctrinae
1279 2451 1458 2532 apud
1514 2450 1665 2514 illos
1719 2452 1784 2514 in
1840 2461 2192 2514 aeternum
2247 2470 2683 2532 permansura
2727 2451 2890 2525 sint;

666 2545 837 2622 ‘ffilii
878 2566 1222 2609 servorum
1261 2547 1388 2609 Dei
1406 2546 1437 2570 ”
1473 2555 1630 2609 sunt
1670 2545 1896 2628 angeli
1942 2554 2013 2609 et
2051 2545 2378 2621 homineS,
2420 2546 2530 2627 qui
2566 2544 2890 2625 receptio·

664 2660 786 2702 nes
822 2639 1047 2704 Divini
1082 2639 1245 2703 Veri
1278 2651 1473 2718 sunt;
1520 2661 1598 2704 ac
1637 2646 1675 2673 ‘⁴
1698 2660 1931 2704 semen
1964 2661 2196 2704 eorum
2213 2639 2242 2665 ’²
2272 2651 2430 2704 sunt
2463 2660 2623 2704 vera
2654 2635 2896 2702 doctri·

666 2754 814 2798 nae.
905 2735 1114 2816 Apud
1153 2736 1465 2812 eundem,

763 2869 1001 2918 “Semen
1032 2871 1174 2932 quod
1204 2869 1402 2920 serviet
1432 2869 1454 2920 I
1524 2870 1542 2918 i
1572 2870 1942 2922 numerabitur
1973 2869 2210 2920 Domino
2235 2870 2290 2920 in
2319 2869 2724 2932 generationem
2737 2867 2771 2888 ”
2797 2867 2898 2931 (Ps-

930 2935 1054 2985 xxii.
1082 2947 1140 2995 31
1172 2932 1260 3000 [B.
1284 2938 1353 2984 A.
1378 2885 1523 2999 305⁹:

662 3065 769 3128 hic
811 3087 1077 3148 quoque
1114 3066 1198 3129 de
1239 3066 1576 3144 Domino:
1624 3076 1695 3130 et
1735 3087 1856 3149 per
1894 3072 2185 3132 “semen
2223 3067 2404 3150 quod
2441 3068 2692 3132 serviet
2729 3067 2858 3150 Ipsi
2873 3065 2900 3090 ’⁹

661 3160 1135 3241 intelliguntur
1180 3163 1291 3243 qui
1326 3162 1393 3224 in
1432 3163 1607 3226 veris
1645 3160 1992 3226 doctrinae
2030 3185 2119 3225 ex
2159 3161 2392 3226 Verbo
2428 3173 2626 3226 sunt:
2685 3173 2755 3226 et
2793 3181 2902 3243 per

668 3256 1185 3319 “numerabitur
1224 3257 1521 3319 Domino
1564 3257 1631 3318 in
1677 3257 2190 3338 generationem
2207 3256 2237 3281 ”
2273 3255 2693 3337 significatur
2728 3255 2898 3340 quod

665 3348 880 3428 Ipsius
926 3359 1123 3413 erunt
1180 3350 1244 3411 in
1299 3360 1693 3428 aeternum3
1754 3350 2192 3414 “numerari”
2238 3349 2573 3431 significat
2621 3349 2902 3415 ordinari

664 3453 736 3506 et
773 3443 1060 3523 disponi,
1102 3443 1207 3508 hic
1246 3443 1672 3506 adnumerari
1709 3463 1826 3506 seu
1864 3442 2080 3524 adjici,
2119 3446 2216 3508 ita
2251 3465 2399 3508 esse
2439 3443 2680 3524 Ipsius,

788 3543 910 3627 [0.]
976 3544 1057 3607 In
1091 3543 1328 3606 Verbo
1366 3545 1433 3606 in
1469 3543 1780 3625 plurimis
1819 3545 1989 3608 locis
2017 3547 2294 3620 dicitur,
2329 3552 2368 3577 “
2391 3544 2652 3608 Semen
2685 3545 2901 3608 Abra-

658 3636 899 3710 hami,”
941 3642 980 3670 “
1005 3636 1224 3700 Isaci”
1262 3647 1333 3700 et
1376 3635 1730 3716 “Jacobi,”
1768 3647 1914 3700 tum
1957 3644 2247 3700 “semen
2295 3637 2566 3700 Israelis
2591 3638 2644 3714 ;”
2689 3648 2758 3701 et
2795 3656 2905 3718 per

658 3731 727 3794 id
772 3732 839 3794 in
888 3751 1089 3794 sensu
1133 3731 1403 3794 litterae
1456 3730 1780 3815 historico
1815 3731 2216 3812 intelligitur
2253 3733 2620 3812 posteritas
2657 3749 2900 3803 eorum,

664 3826 785 3888 sed
852 3827 915 3888 in
984 3845 1184 3889 sensu
1246 3824 1573 3906 spirituali
1640 3824 2043 3906 intelligitur
2104 3825 2424 3890 Divinum
2485 3824 2769 3901 Verum,
2830 3843 2901 3888 ac

664 3939 899 3982 verum
946 3916 1293 3982 doctrinae
1340 3938 1429 3980 ex
1475 3917 1731 3991 Verbo,
1771 3939 1862 3982 ex
1910 3939 2133 3994 causa,
2175 3921 2330 4002 quia
2374 3939 2492 4002 per
2533 3919 2901 3984 “Abraha-

660 4013 911 4087 mum,’'
952 4019 991 4046 ‘⁴
1016 4012 1341 4088 Isaeum,”
1383 4012 1810 4093 “jacobum'’
1848 4023 1922 4077 et
1961 4019 2000 4046 “
2025 4013 2346 4076 Israelem
2369 4013 2396 4036 ”
2431 4015 2501 4076 in
2543 4013 2676 4078 hoc
2715 4033 2904 4078 sensu

665 4106 1071 4187 intelligitur
1107 4107 1463 4182 Dominus,
1498 4118 1572 4169 ut
1610 4116 1930 4172 constare
1968 4119 2200 4189 potest
2239 4127 2330 4171 ex
2367 4108 2535 4172 locis
2570 4110 2642 4172 in
2681 4109 2905 4173 Verbo

660 4201 775 4264 ubi
813 4200 907 4263 illi
948 4203 1422 4281 nominantur;
1471 4212 1546 4265 ut
1582 4203 1672 4266 ab
1709 4201 1864 4277 hoc,

773 4341 932 4408 Quod
953 4343 1163 4391 venturi
1188 4342 1299 4391 sint
1315 4344 1384 4391 ab
1408 4343 1617 4392 oriente
1637 4357 1804 4406 usque
1823 4352 1876 4392 et
1901 4343 2192 4403 occidente,
2211 4353 2264 4394 et
2288 4345 2578 4393 accubituri
2602 4359 2726 4394 cum
2747 4344 2908 4394 Abra·

925 4408 1104 4466 harno,
1132 4407 1285 4457 Isaeo
1308 4417 1362 4457 et
1384 4407 1593 4472 Jacobo
1618 4409 1674 4456 in
1699 4422 1868 4472 regno
1889 4409 2160 4460 caelorum
2185 4409 2402 4471 (Mami.
2427 4410 2536 4459 viii.
2565 4414 2682 4472 11);

664 4559 786 4620 per
814 4538 996 4622 quod
1028 4539 1432 4622 intelligitur
1460 4542 1642 4624 quod
1675 4539 1928 4604 fruituri
1959 4541 2142 4605 bono
2174 4541 2453 4604 caelesti
2490 4563 2531 4604 a
2569 4541 2902 4606 Domino:

660 4634 758 4696 ita
790 4654 1053 4718 quoque
1080 4633 1273 4698 alibi:
1324 4645 1393 4699 et
1426 4637 1583 4718 quia
1613 4635 1947 4700 Dominus
1979 4657 2096 4718 per
2122 4635 2274 4701 illos
2305 4637 2372 4700 in
2403 4657 2608 4701 sensu
2629 4639 2905 4710 interno
