<?xml version="1.0" encoding="UTF-8"?>
<!DOCTYPE html PUBLIC "-//W3C//DTD XHTML 1.0 Transitional//EN"
    "http://www.w3.org/TR/xhtml1/DTD/xhtml1-transitional.dtd">
<html xmlns="http://www.w3.org/1999/xhtml" xml:lang="en" lang="en">
 <head>
  <title>
</title>
<meta http-equiv="Content-Type" content="text/html;charset=utf-8" />
  <meta name='ocr-system' content='tesseract 3.04.00' />
  <meta name='ocr-capabilities' content='ocr_page ocr_carea ocr_par ocr_line ocrx_word'/>
</head>
<body>
  <div class='ocr_page' id='page_1' title='image "./apocalypsisexpl00unkngoog_0026.png"; bbox 0 0 3259 5384; ppageno 0'>
   <div class='ocr_carea' id='block_1_1' title="bbox 533 656 2154 737">
    <p class='ocr_par' dir='ltr' id='par_1_1' title="bbox 533 656 2154 737">
     <span class='ocr_line' id='line_1_1' title="bbox 533 656 2154 737; baseline 0 -19"><span class='ocrx_word' id='word_1_1' title='bbox 533 656 696 737; x_wconf 87' lang='lat'>1928</span> <span class='ocrx_word' id='word_1_2' title='bbox 1152 668 1658 721; x_wconf 72' lang='lat' dir='ltr'>APOCALYPSIS</span> <span class='ocrx_word' id='word_1_3' title='bbox 1704 667 2154 720; x_wconf 71' lang='grc' dir='ltr'>ΕκΡιιοΑἸ-Α.</span> 
     </span>
    </p>
   </div>
   <div class='ocr_carea' id='block_1_2' title="bbox 522 837 2771 1106">
    <p class='ocr_par' dir='ltr' id='par_1_2' title="bbox 522 837 2771 1106">
     <span class='ocr_line' id='line_1_2' title="bbox 522 837 2767 922; baseline 0.001 -21"><span class='ocrx_word' id='word_1_4' title='bbox 522 859 688 920; x_wconf 84' lang='lat' dir='ltr'>erga</span> <span class='ocrx_word' id='word_1_5' title='bbox 714 837 1122 921; x_wconf 80' lang='lat' dir='ltr'>proximum,</span> <span class='ocrx_word' id='word_1_6' title='bbox 1162 847 1435 904; x_wconf 88' lang='lat' dir='ltr'>constat</span> <span class='ocrx_word' id='word_1_7' title='bbox 1473 859 1564 903; x_wconf 86' lang='lat' dir='ltr'>ex</span> <span class='ocrx_word' id='word_1_8' title='bbox 1601 837 2098 922; x_wconf 82' lang='lat' dir='ltr'>significatione</span> <span class='ocrx_word' id='word_1_9' title='bbox 2140 837 2553 914; x_wconf 87' lang='lat' dir='ltr'>“mulieris,”</span> <span class='ocrx_word' id='word_1_10' title='bbox 2584 839 2767 922; x_wconf 93' lang='lat' dir='ltr'>quod</span> 
     </span>
     <span class='ocr_line' id='line_1_3' title="bbox 525 930 2769 1016; baseline 0 -20"><span class='ocrx_word' id='word_1_11' title='bbox 525 934 612 996; x_wconf 89' lang='lat' dir='ltr'>sit</span> <span class='ocrx_word' id='word_1_12' title='bbox 665 930 932 996; x_wconf 69' lang='grc' dir='ltr'>ειίϊεξὲίο</span> <span class='ocrx_word' id='word_1_13' title='bbox 977 933 1116 996; x_wconf 88' lang='lat' dir='ltr'>veri</span> <span class='ocrx_word' id='word_1_14' title='bbox 1169 931 1552 1014; x_wconf 84' lang='lat' dir='ltr'>spiritualis,</span> <span class='ocrx_word' id='word_1_15' title='bbox 1599 953 1692 997; x_wconf 84' lang='lat' dir='ltr'>ex</span> <span class='ocrx_word' id='word_1_16' title='bbox 1748 953 1881 1016; x_wconf 85' lang='lat' dir='ltr'>qua</span> <span class='ocrx_word' id='word_1_17' title='bbox 1932 934 2221 998; x_wconf 84' lang='lat' dir='ltr'>ecclesia</span> <span class='ocrx_word' id='word_1_18' title='bbox 2272 943 2381 997; x_wconf 87' lang='lat' dir='ltr'>est</span> <span class='ocrx_word' id='word_1_19' title='bbox 2434 932 2769 1013; x_wconf 88' lang='lat' dir='ltr'>ecclesia;</span> 
     </span>
     <span class='ocr_line' id='line_1_4' title="bbox 525 1023 2771 1106; baseline 0 -20"><span class='ocrx_word' id='word_1_20' title='bbox 525 1024 812 1106; x_wconf 86' lang='lat' dir='ltr'>proinde</span> <span class='ocrx_word' id='word_1_21' title='bbox 849 1025 1057 1087; x_wconf 89' lang='lat' dir='ltr'>etiam</span> <span class='ocrx_word' id='word_1_22' title='bbox 1090 1024 1394 1087; x_wconf 84' lang='lat' dir='ltr'>ecclesia</span> <span class='ocrx_word' id='word_1_23' title='bbox 1427 1024 1655 1106; x_wconf 87' lang='lat' dir='ltr'>quoad</span> <span class='ocrx_word' id='word_1_24' title='bbox 1690 1023 1883 1086; x_wconf 88' lang='lat' dir='ltr'>illam</span> <span class='ocrx_word' id='word_1_25' title='bbox 1914 1023 2350 1088; x_wconf 67' lang='lat' dir='ltr'>affectionem</span> <span class='ocrx_word' id='word_1_26' title='bbox 2386 1039 2471 1100; x_wconf 81' lang='lat' dir='ltr'>(de</span> <span class='ocrx_word' id='word_1_27' title='bbox 2492 1053 2591 1098; x_wconf 76' lang='lat' dir='ltr'>qua</span> <span class='ocrx_word' id='word_1_28' title='bbox 2610 1053 2771 1100; x_wconf 64' lang='lat' dir='ltr'>supra.</span> 
     </span>
    </p>
   </div>
   <div class='ocr_carea' id='block_1_3' title="bbox 523 1117 2797 1576">
    <p class='ocr_par' dir='ltr' id='par_1_3' title="bbox 523 1117 2797 1576">
     <span class='ocr_line' id='line_1_5' title="bbox 523 1117 2767 1202; baseline 0.003 -24"><span class='ocrx_word' id='word_1_29' title='bbox 523 1147 572 1179; x_wconf 83' lang='lat' dir='ltr'>n.</span> <span class='ocrx_word' id='word_1_30' title='bbox 597 1132 628 1199; x_wconf 81' lang='grc'>5</span> <span class='ocrx_word' id='word_1_31' title='bbox 641 1133 671 1198; x_wconf 83' lang='grc'><strong>5</strong></span> <span class='ocrx_word' id='word_1_32' title='bbox 684 1133 783 1198; x_wconf 84' lang='grc'>5);</span> <span class='ocrx_word' id='word_1_33' title='bbox 829 1118 1012 1200; x_wconf 90' lang='lat' dir='ltr'>quod</span> <span class='ocrx_word' id='word_1_34' title='bbox 1045 1120 1132 1181; x_wconf 89' lang='lat' dir='ltr'>sit</span> <span class='ocrx_word' id='word_1_35' title='bbox 1165 1138 1346 1181; x_wconf 87' lang='lat' dir='ltr'>nova</span> <span class='ocrx_word' id='word_1_36' title='bbox 1376 1118 1695 1192; x_wconf 88' lang='lat' dir='ltr'>ecclesia,</span> <span class='ocrx_word' id='word_1_37' title='bbox 1729 1121 1905 1200; x_wconf 77' lang='lat' dir='ltr'>quae</span> <span class='ocrx_word' id='word_1_38' title='bbox 1937 1128 2096 1202; x_wconf 92' lang='lat' dir='ltr'>post</span> <span class='ocrx_word' id='word_1_39' title='bbox 2129 1117 2334 1182; x_wconf 86' lang='lat' dir='ltr'>finem</span> <span class='ocrx_word' id='word_1_40' title='bbox 2366 1118 2563 1200; x_wconf 83' lang='lat' dir='ltr'>hujus</span> <span class='ocrx_word' id='word_1_41' title='bbox 2593 1141 2767 1202; x_wconf 90' lang='lat' dir='ltr'>quae</span> 
     </span>
     <span class='ocr_line' id='line_1_6' title="bbox 525 1213 2797 1298; baseline 0.001 -21"><span class='ocrx_word' id='word_1_42' title='bbox 525 1216 591 1277; x_wconf 91' lang='lat' dir='ltr'>in</span> <span class='ocrx_word' id='word_1_43' title='bbox 639 1213 1026 1278; x_wconf 90' lang='lat' dir='ltr'>Christiano</span> <span class='ocrx_word' id='word_1_44' title='bbox 1077 1214 1240 1279; x_wconf 90' lang='lat' dir='ltr'>orbe</span> <span class='ocrx_word' id='word_1_45' title='bbox 1293 1225 1422 1289; x_wconf 92' lang='lat' dir='ltr'>est,</span> <span class='ocrx_word' id='word_1_46' title='bbox 1471 1214 1913 1278; x_wconf 88' lang='lat' dir='ltr'>instauranda</span> <span class='ocrx_word' id='word_1_47' title='bbox 1964 1235 2005 1278; x_wconf 88' lang='lat' dir='ltr'>a</span> <span class='ocrx_word' id='word_1_48' title='bbox 2060 1215 2378 1292; x_wconf 89' lang='lat' dir='ltr'>Domino,</span> <span class='ocrx_word' id='word_1_49' title='bbox 2428 1217 2797 1298; x_wconf 69' lang='lat' dir='ltr'>sequiturt&#39;</span> 
     </span>
     <span class='ocr_line' id='line_1_7' title="bbox 524 1307 2770 1392; baseline 0 -20"><span class='ocrx_word' id='word_1_50' title='bbox 524 1317 596 1372; x_wconf 83' lang='lat' dir='ltr'>et</span> <span class='ocrx_word' id='word_1_51' title='bbox 643 1329 733 1371; x_wconf 82' lang='lat' dir='ltr'>ex</span> <span class='ocrx_word' id='word_1_52' title='bbox 771 1307 1268 1390; x_wconf 85' lang='lat' dir='ltr'>significatione</span> <span class='ocrx_word' id='word_1_53' title='bbox 1308 1307 1552 1384; x_wconf 80' lang='lat' dir='ltr'>“soliS‚</span> <span class='ocrx_word' id='word_1_54' title='bbox 1591 1308 1774 1390; x_wconf 91' lang='lat' dir='ltr'>quod</span> <span class='ocrx_word' id='word_1_55' title='bbox 1813 1309 1899 1372; x_wconf 93' lang='lat' dir='ltr'>sit</span> <span class='ocrx_word' id='word_1_56' title='bbox 1940 1307 2272 1372; x_wconf 79' lang='lat' dir='ltr'>Dominus</span> <span class='ocrx_word' id='word_1_57' title='bbox 2308 1311 2533 1392; x_wconf 88' lang='lat' dir='ltr'>quoad</span> <span class='ocrx_word' id='word_1_58' title='bbox 2582 1311 2770 1373; x_wconf 86' lang='lat' dir='ltr'>Divi-</span> 
     </span>
     <span class='ocr_line' id='line_1_8' title="bbox 525 1401 2769 1485; baseline 0.001 -21"><span class='ocrx_word' id='word_1_59' title='bbox 525 1421 688 1465; x_wconf 90' lang='lat' dir='ltr'>num</span> <span class='ocrx_word' id='word_1_60' title='bbox 735 1401 1088 1478; x_wconf 85' lang='lat' dir='ltr'>Amorem,</span> <span class='ocrx_word' id='word_1_61' title='bbox 1134 1403 1235 1466; x_wconf 90' lang='lat' dir='ltr'>ita</span> <span class='ocrx_word' id='word_1_62' title='bbox 1286 1423 1553 1485; x_wconf 91' lang='lat' dir='ltr'>quoque</span> <span class='ocrx_word' id='word_1_63' title='bbox 1604 1421 1798 1466; x_wconf 89' lang='lat' dir='ltr'>amor</span> <span class='ocrx_word' id='word_1_64' title='bbox 1848 1403 1914 1465; x_wconf 87' lang='lat' dir='ltr'>in</span> <span class='ocrx_word' id='word_1_65' title='bbox 1974 1403 2340 1466; x_wconf 90' lang='lat' dir='ltr'>Dominum</span> <span class='ocrx_word' id='word_1_66' title='bbox 2386 1425 2427 1466; x_wconf 88' lang='lat' dir='ltr'>a</span> <span class='ocrx_word' id='word_1_67' title='bbox 2474 1403 2769 1468; x_wconf 91' lang='lat' dir='ltr'>Domino</span> 
     </span>
     <span class='ocr_line' id='line_1_9' title="bbox 527 1494 2768 1576; baseline 0.001 -21"><span class='ocrx_word' id='word_1_68' title='bbox 527 1509 612 1568; x_wconf 87' lang='lat' dir='ltr'>(de</span> <span class='ocrx_word' id='word_1_69' title='bbox 639 1523 738 1568; x_wconf 79' lang='lat' dir='ltr'>qua</span> <span class='ocrx_word' id='word_1_70' title='bbox 763 1511 907 1555; x_wconf 81' lang='lat' dir='ltr'>etiam</span> <span class='ocrx_word' id='word_1_71' title='bbox 935 1523 1095 1569; x_wconf 80' lang='lat' dir='ltr'>supra.</span> <span class='ocrx_word' id='word_1_72' title='bbox 1125 1523 1173 1557; x_wconf 85' lang='lat' dir='ltr'>n.</span> <span class='ocrx_word' id='word_1_73' title='bbox 1199 1510 1346 1573; x_wconf 83' lang='lat'>401.</span> <span class='ocrx_word' id='word_1_74' title='bbox 1374 1510 1651 1573; x_wconf 76' lang='lat' dir='ltr'>412[a,b])</span> <span class='ocrx_word' id='word_1_75' title='bbox 1676 1513 1689 1556; x_wconf 88' lang='lat'><strong>:</strong></span> <span class='ocrx_word' id='word_1_76' title='bbox 1750 1503 1823 1558; x_wconf 82' lang='lat' dir='ltr'>et</span> <span class='ocrx_word' id='word_1_77' title='bbox 1876 1515 1967 1558; x_wconf 82' lang='lat' dir='ltr'>ex</span> <span class='ocrx_word' id='word_1_78' title='bbox 2018 1494 2525 1576; x_wconf 67' lang='lat' dir='ltr'>Significatione</span> <span class='ocrx_word' id='word_1_79' title='bbox 2580 1497 2768 1558; x_wconf 79' lang='lat' dir='ltr'>“Cir-</span> 
     </span>
    </p>
   </div>
   <div class='ocr_carea' id='block_1_4' title="bbox 526 1589 2799 1672">
    <p class='ocr_par' dir='ltr' id='par_1_4' title="bbox 526 1589 2799 1672">
     <span class='ocr_line' id='line_1_10' title="bbox 526 1589 2799 1672; baseline 0.002 -20"><span class='ocrx_word' id='word_1_80' title='bbox 526 1589 887 1665; x_wconf 88' lang='lat' dir='ltr'>cumdari,’&#39;</span> <span class='ocrx_word' id='word_1_81' title='bbox 922 1590 1107 1672; x_wconf 90' lang='lat' dir='ltr'>quod</span> <span class='ocrx_word' id='word_1_82' title='bbox 1141 1591 1230 1654; x_wconf 91' lang='lat' dir='ltr'>sit</span> <span class='ocrx_word' id='word_1_83' title='bbox 1276 1611 1366 1654; x_wconf 88' lang='lat' dir='ltr'>ex</span> <span class='ocrx_word' id='word_1_84' title='bbox 1413 1589 1532 1654; x_wconf 90' lang='lat' dir='ltr'>illo</span> <span class='ocrx_word' id='word_1_85' title='bbox 1569 1591 1836 1668; x_wconf 87' lang='lat' dir='ltr'>vivere;</span> <span class='ocrx_word' id='word_1_86' title='bbox 1893 1611 2051 1654; x_wconf 90' lang='lat' dir='ltr'>nam</span> <span class='ocrx_word' id='word_1_87' title='bbox 2088 1591 2231 1653; x_wconf 87' lang='lat' dir='ltr'>vita</span> <span class='ocrx_word' id='word_1_88' title='bbox 2268 1592 2515 1654; x_wconf 89' lang='lat' dir='ltr'>amoris</span> <span class='ocrx_word' id='word_1_89' title='bbox 2552 1591 2799 1672; x_wconf 89' lang='lat' dir='ltr'>cujus·.</span> 
     </span>
    </p>
   </div>
   <div class='ocr_carea' id='block_1_5' title="bbox 520 1684 2797 3083">
    <p class='ocr_par' dir='ltr' id='par_1_5' title="bbox 520 1684 2797 3083">
     <span class='ocr_line' id='line_1_11' title="bbox 525 1684 2769 1767; baseline 0.001 -21"><span class='ocrx_word' id='word_1_90' title='bbox 525 1685 650 1759; x_wconf 74' lang='lat' dir='ltr'>viS,</span> <span class='ocrx_word' id='word_1_91' title='bbox 686 1692 830 1747; x_wconf 88' lang='lat' dir='ltr'>tam</span> <span class='ocrx_word' id='word_1_92' title='bbox 861 1684 1174 1760; x_wconf 88' lang='lat' dir='ltr'>hominis,</span> <span class='ocrx_word' id='word_1_93' title='bbox 1207 1704 1410 1767; x_wconf 89' lang='lat' dir='ltr'>quam</span> <span class='ocrx_word' id='word_1_94' title='bbox 1445 1685 1719 1765; x_wconf 88' lang='lat' dir='ltr'>spiritus</span> <span class='ocrx_word' id='word_1_95' title='bbox 1750 1695 1820 1748; x_wconf 88' lang='lat' dir='ltr'>et</span> <span class='ocrx_word' id='word_1_96' title='bbox 1852 1684 2101 1766; x_wconf 83' lang='lat' dir='ltr'>angeli,</span> <span class='ocrx_word' id='word_1_97' title='bbox 2138 1685 2382 1748; x_wconf 83' lang='lat' dir='ltr'>format</span> <span class='ocrx_word' id='word_1_98' title='bbox 2414 1685 2769 1767; x_wconf 83' lang='lat' dir='ltr'>sphaeram</span> 
     </span>
     <span class='ocr_line' id='line_1_12' title="bbox 527 1778 2768 1862; baseline 0.001 -22"><span class='ocrx_word' id='word_1_99' title='bbox 527 1779 778 1841; x_wconf 90' lang='lat' dir='ltr'>circum</span> <span class='ocrx_word' id='word_1_100' title='bbox 814 1779 990 1852; x_wconf 88' lang='lat' dir='ltr'>illos,</span> <span class='ocrx_word' id='word_1_101' title='bbox 1031 1799 1120 1842; x_wconf 87' lang='lat' dir='ltr'>ex</span> <span class='ocrx_word' id='word_1_102' title='bbox 1159 1799 1294 1861; x_wconf 85' lang='lat' dir='ltr'>qua</span> <span class='ocrx_word' id='word_1_103' title='bbox 1331 1779 1810 1861; x_wconf 86' lang='lat' dir='ltr'>percipiuntur,</span> <span class='ocrx_word' id='word_1_104' title='bbox 1844 1781 2053 1842; x_wconf 87' lang='lat' dir='ltr'>etiam</span> <span class='ocrx_word' id='word_1_105' title='bbox 2090 1799 2128 1842; x_wconf 91' lang='lat' dir='ltr'>e</span> <span class='ocrx_word' id='word_1_106' title='bbox 2166 1778 2560 1862; x_wconf 88' lang='lat' dir='ltr'>longinquo,</span> <span class='ocrx_word' id='word_1_107' title='bbox 2600 1799 2768 1862; x_wconf 90' lang='lat' dir='ltr'>qua-</span> 
     </span>
     <span class='ocr_line' id='line_1_13' title="bbox 527 1871 2769 1955; baseline 0 -19"><span class='ocrx_word' id='word_1_108' title='bbox 527 1871 628 1936; x_wconf 92' lang='lat' dir='ltr'>les</span> <span class='ocrx_word' id='word_1_109' title='bbox 667 1883 864 1952; x_wconf 82' lang='lat' dir='ltr'>sunt3</span> <span class='ocrx_word' id='word_1_110' title='bbox 913 1893 1032 1954; x_wconf 88' lang='lat' dir='ltr'>per</span> <span class='ocrx_word' id='word_1_111' title='bbox 1063 1873 1248 1936; x_wconf 90' lang='lat' dir='ltr'>illam</span> <span class='ocrx_word' id='word_1_112' title='bbox 1281 1873 1643 1955; x_wconf 84' lang='lat' dir='ltr'>sphaeram</span> <span class='ocrx_word' id='word_1_113' title='bbox 1674 1875 1883 1936; x_wconf 90' lang='lat' dir='ltr'>etiam</span> <span class='ocrx_word' id='word_1_114' title='bbox 1916 1875 2459 1937; x_wconf 87' lang='lat' dir='ltr'>consociationes</span> <span class='ocrx_word' id='word_1_115' title='bbox 2496 1883 2568 1938; x_wconf 93' lang='lat' dir='ltr'>et</span> <span class='ocrx_word' id='word_1_116' title='bbox 2606 1894 2769 1938; x_wconf 88' lang='lat' dir='ltr'>con-</span> 
     </span>
     <span class='ocr_line' id='line_1_14' title="bbox 520 1965 2772 2050; baseline -0 -20"><span class='ocrx_word' id='word_1_117' title='bbox 520 1965 905 2048; x_wconf 59' lang='lat' dir='ltr'>junctiones</span> <span class='ocrx_word' id='word_1_118' title='bbox 949 1966 1118 2033; x_wconf 85' lang='lat' dir='ltr'>fiunt</span> <span class='ocrx_word' id='word_1_119' title='bbox 1171 1969 1240 2031; x_wconf 92' lang='lat' dir='ltr'>in</span> <span class='ocrx_word' id='word_1_120' title='bbox 1295 1966 1523 2043; x_wconf 89' lang='lat' dir='ltr'>caelis,</span> <span class='ocrx_word' id='word_1_121' title='bbox 1569 1978 1643 2031; x_wconf 89' lang='lat' dir='ltr'>et</span> <span class='ocrx_word' id='word_1_122' title='bbox 1694 1987 1965 2050; x_wconf 90' lang='lat' dir='ltr'>quoque</span> <span class='ocrx_word' id='word_1_123' title='bbox 2008 1967 2074 2030; x_wconf 91' lang='lat' dir='ltr'>in</span> <span class='ocrx_word' id='word_1_124' title='bbox 2120 1966 2431 2046; x_wconf 83' lang='lat' dir='ltr'>infernis;</span> <span class='ocrx_word' id='word_1_125' title='bbox 2494 1975 2565 2032; x_wconf 91' lang='lat' dir='ltr'>et</span> <span class='ocrx_word' id='word_1_126' title='bbox 2618 1968 2772 2049; x_wconf 91' lang='lat' dir='ltr'>quia</span> 
     </span>
     <span class='ocr_line' id='line_1_15' title="bbox 525 2059 2769 2143; baseline -0 -20"><span class='ocrx_word' id='word_1_127' title='bbox 525 2061 751 2141; x_wconf 85' lang='lat' dir='ltr'>agitur</span> <span class='ocrx_word' id='word_1_128' title='bbox 795 2061 902 2124; x_wconf 89' lang='lat' dir='ltr'>hic</span> <span class='ocrx_word' id='word_1_129' title='bbox 948 2062 1036 2124; x_wconf 92' lang='lat' dir='ltr'>de</span> <span class='ocrx_word' id='word_1_130' title='bbox 1073 2059 1382 2135; x_wconf 84' lang='lat' dir='ltr'>ecclesia,</span> <span class='ocrx_word' id='word_1_131' title='bbox 1423 2081 1595 2143; x_wconf 85' lang='lat' dir='ltr'>quae</span> <span class='ocrx_word' id='word_1_132' title='bbox 1640 2062 1706 2124; x_wconf 91' lang='lat' dir='ltr'>in</span> <span class='ocrx_word' id='word_1_133' title='bbox 1754 2081 1984 2124; x_wconf 85' lang='lat' dir='ltr'>amore</span> <span class='ocrx_word' id='word_1_134' title='bbox 2028 2063 2097 2132; x_wconf 83' lang='lat' dir='ltr'>in</span> <span class='ocrx_word' id='word_1_135' title='bbox 2134 2061 2503 2124; x_wconf 87' lang='lat' dir='ltr'>Dominum</span> <span class='ocrx_word' id='word_1_136' title='bbox 2541 2079 2582 2123; x_wconf 89' lang='lat' dir='ltr'>a</span> <span class='ocrx_word' id='word_1_137' title='bbox 2626 2060 2769 2123; x_wconf 91' lang='lat' dir='ltr'>Do-</span> 
     </span>
     <span class='ocr_line' id='line_1_16' title="bbox 527 2153 2770 2236; baseline 0.001 -21"><span class='ocrx_word' id='word_1_138' title='bbox 527 2155 712 2216; x_wconf 89' lang='lat' dir='ltr'>mino</span> <span class='ocrx_word' id='word_1_139' title='bbox 763 2163 892 2228; x_wconf 78' lang='lat' dir='ltr'>est,</span> <span class='ocrx_word' id='word_1_140' title='bbox 941 2165 1011 2218; x_wconf 91' lang='lat' dir='ltr'>et</span> <span class='ocrx_word' id='word_1_141' title='bbox 1065 2154 1179 2217; x_wconf 90' lang='lat' dir='ltr'>illa</span> <span class='ocrx_word' id='word_1_142' title='bbox 1231 2155 1520 2218; x_wconf 90' lang='lat' dir='ltr'>ecclesia</span> <span class='ocrx_word' id='word_1_143' title='bbox 1564 2154 1969 2236; x_wconf 87' lang='lat' dir='ltr'>intelligitur</span> <span class='ocrx_word' id='word_1_144' title='bbox 2022 2175 2143 2236; x_wconf 88' lang='lat' dir='ltr'>per</span> <span class='ocrx_word' id='word_1_145' title='bbox 2188 2153 2656 2230; x_wconf 85' lang='lat' dir='ltr'>“mulierem,”</span> <span class='ocrx_word' id='word_1_146' title='bbox 2698 2164 2770 2218; x_wconf 89' lang='lat' dir='ltr'>et</span> 
     </span>
     <span class='ocr_line' id='line_1_17' title="bbox 525 2247 2797 2329; baseline 0.002 -20"><span class='ocrx_word' id='word_1_147' title='bbox 525 2265 716 2310; x_wconf 85' lang='lat' dir='ltr'>amor</span> <span class='ocrx_word' id='word_1_148' title='bbox 759 2247 875 2311; x_wconf 91' lang='lat' dir='ltr'>ille</span> <span class='ocrx_word' id='word_1_149' title='bbox 920 2268 1039 2329; x_wconf 88' lang='lat' dir='ltr'>per</span> <span class='ocrx_word' id='word_1_150' title='bbox 1087 2247 1418 2322; x_wconf 89' lang='lat' dir='ltr'>“solem,&#39;&#39;</span> <span class='ocrx_word' id='word_1_151' title='bbox 1454 2249 1614 2312; x_wconf 91' lang='lat' dir='ltr'>inde</span> <span class='ocrx_word' id='word_1_152' title='bbox 1662 2267 1779 2329; x_wconf 91' lang='lat' dir='ltr'>per</span> <span class='ocrx_word' id='word_1_153' title='bbox 1829 2248 2234 2312; x_wconf 89' lang='lat' dir='ltr'>“mulierem</span> <span class='ocrx_word' id='word_1_154' title='bbox 2280 2249 2797 2314; x_wconf 86' lang='lat' dir='ltr'>circumdatam.</span> 
     </span>
     <span class='ocr_line' id='line_1_18' title="bbox 525 2339 2770 2424; baseline 0.001 -22"><span class='ocrx_word' id='word_1_155' title='bbox 525 2339 672 2404; x_wconf 90' lang='lat' dir='ltr'>sole</span> <span class='ocrx_word' id='word_1_156' title='bbox 690 2340 718 2366; x_wconf 88' lang='grc'><strong><em>”</em></strong></span> <span class='ocrx_word' id='word_1_157' title='bbox 749 2341 1166 2423; x_wconf 86' lang='lat' dir='ltr'>significatur</span> <span class='ocrx_word' id='word_1_158' title='bbox 1195 2340 1484 2406; x_wconf 85' lang='lat' dir='ltr'>ecclesia</span> <span class='ocrx_word' id='word_1_159' title='bbox 1514 2340 1695 2424; x_wconf 89' lang='lat' dir='ltr'>apud</span> <span class='ocrx_word' id='word_1_160' title='bbox 1728 2343 1883 2406; x_wconf 92' lang='lat' dir='ltr'>illos</span> <span class='ocrx_word' id='word_1_161' title='bbox 1912 2343 2025 2424; x_wconf 91' lang='lat' dir='ltr'>qui</span> <span class='ocrx_word' id='word_1_162' title='bbox 2062 2344 2131 2406; x_wconf 87' lang='lat' dir='ltr'>in</span> <span class='ocrx_word' id='word_1_163' title='bbox 2168 2362 2400 2406; x_wconf 85' lang='lat' dir='ltr'>amore</span> <span class='ocrx_word' id='word_1_164' title='bbox 2433 2344 2501 2406; x_wconf 91' lang='lat' dir='ltr'>in</span> <span class='ocrx_word' id='word_1_165' title='bbox 2536 2342 2770 2405; x_wconf 90' lang='lat' dir='ltr'>Domi-</span> 
     </span>
     <span class='ocr_line' id='line_1_19' title="bbox 527 2435 2769 2518; baseline 0.001 -22"><span class='ocrx_word' id='word_1_166' title='bbox 527 2453 689 2497; x_wconf 89' lang='lat' dir='ltr'>num</span> <span class='ocrx_word' id='word_1_167' title='bbox 726 2456 768 2498; x_wconf 87' lang='lat' dir='ltr'>a</span> <span class='ocrx_word' id='word_1_168' title='bbox 801 2435 1100 2500; x_wconf 90' lang='lat' dir='ltr'>Domino</span> <span class='ocrx_word' id='word_1_169' title='bbox 1125 2447 1325 2501; x_wconf 84' lang='lat' dir='ltr'>sunt:</span> <span class='ocrx_word' id='word_1_170' title='bbox 1373 2437 1556 2518; x_wconf 89' lang='lat' dir='ltr'>quod</span> <span class='ocrx_word' id='word_1_171' title='bbox 1588 2437 1796 2500; x_wconf 86' lang='lat' dir='ltr'>etiam</span> <span class='ocrx_word' id='word_1_172' title='bbox 1829 2436 2113 2510; x_wconf 88' lang='lat' dir='ltr'>dicatur,</span> <span class='ocrx_word' id='word_1_173' title='bbox 2148 2447 2219 2500; x_wconf 87' lang='lat' dir='ltr'>et</span> <span class='ocrx_word' id='word_1_174' title='bbox 2250 2437 2409 2500; x_wconf 89' lang='lat' dir='ltr'>inde</span> <span class='ocrx_word' id='word_1_175' title='bbox 2440 2437 2507 2500; x_wconf 89' lang='lat' dir='ltr'>in</span> <span class='ocrx_word' id='word_1_176' title='bbox 2539 2456 2769 2499; x_wconf 89' lang='lat' dir='ltr'>amore</span> 
     </span>
     <span class='ocr_line' id='line_1_20' title="bbox 526 2531 2771 2612; baseline 0 -19"><span class='ocrx_word' id='word_1_177' title='bbox 526 2549 691 2610; x_wconf 87' lang='lat' dir='ltr'>erga</span> <span class='ocrx_word' id='word_1_178' title='bbox 734 2531 1144 2611; x_wconf 84' lang='lat' dir='ltr'>proximum,</span> <span class='ocrx_word' id='word_1_179' title='bbox 1193 2541 1300 2595; x_wconf 90' lang='lat' dir='ltr'>est</span> <span class='ocrx_word' id='word_1_180' title='bbox 1352 2531 1510 2612; x_wconf 85' lang='lat' dir='ltr'>quia</span> <span class='ocrx_word' id='word_1_181' title='bbox 1553 2550 1746 2595; x_wconf 89' lang='lat' dir='ltr'>amor</span> <span class='ocrx_word' id='word_1_182' title='bbox 1790 2551 1953 2612; x_wconf 89' lang='lat' dir='ltr'>erga</span> <span class='ocrx_word' id='word_1_183' title='bbox 1999 2532 2383 2611; x_wconf 88' lang='lat' dir='ltr'>proximum</span> <span class='ocrx_word' id='word_1_184' title='bbox 2428 2531 2771 2594; x_wconf 89' lang='lat' dir='ltr'>derivatur</span> 
     </span>
     <span class='ocr_line' id='line_1_21' title="bbox 527 2624 2770 2706; baseline 0 -20"><span class='ocrx_word' id='word_1_185' title='bbox 527 2643 618 2686; x_wconf 87' lang='lat' dir='ltr'>ex</span> <span class='ocrx_word' id='word_1_186' title='bbox 673 2643 905 2687; x_wconf 89' lang='lat' dir='ltr'>amore</span> <span class='ocrx_word' id='word_1_187' title='bbox 958 2626 1024 2687; x_wconf 90' lang='lat' dir='ltr'>in</span> <span class='ocrx_word' id='word_1_188' title='bbox 1073 2624 1463 2699; x_wconf 89' lang='lat' dir='ltr'>Dominum,</span> <span class='ocrx_word' id='word_1_189' title='bbox 1511 2625 1686 2688; x_wconf 89' lang='lat' dir='ltr'>sicut</span> <span class='ocrx_word' id='word_1_190' title='bbox 1740 2626 2075 2706; x_wconf 84' lang='lat' dir='ltr'>posterius</span> <span class='ocrx_word' id='word_1_191' title='bbox 2119 2644 2162 2687; x_wconf 85' lang='lat' dir='ltr'>a</span> <span class='ocrx_word' id='word_1_192' title='bbox 2210 2645 2334 2688; x_wconf 90' lang='lat' dir='ltr'>suo</span> <span class='ocrx_word' id='word_1_193' title='bbox 2387 2624 2604 2705; x_wconf 85' lang='lat' dir='ltr'>priori,</span> <span class='ocrx_word' id='word_1_194' title='bbox 2653 2634 2770 2687; x_wconf 87' lang='lat' dir='ltr'>aut</span> 
     </span>
     <span class='ocr_line' id='line_1_22' title="bbox 527 2715 2773 2794; baseline -0.001 -12"><span class='ocrx_word' id='word_1_195' title='bbox 527 2720 702 2782; x_wconf 90' lang='lat' dir='ltr'>sicut</span> <span class='ocrx_word' id='word_1_196' title='bbox 747 2719 1049 2781; x_wconf 88' lang='lat' dir='ltr'>exterius</span> <span class='ocrx_word' id='word_1_197' title='bbox 1103 2739 1143 2782; x_wconf 90' lang='lat' dir='ltr'>a</span> <span class='ocrx_word' id='word_1_198' title='bbox 1194 2739 1317 2782; x_wconf 90' lang='lat' dir='ltr'>suo</span> <span class='ocrx_word' id='word_1_199' title='bbox 1369 2719 1691 2794; x_wconf 88' lang='lat' dir='ltr'>interiori,</span> <span class='ocrx_word' id='word_1_200' title='bbox 1740 2718 1949 2781; x_wconf 88' lang='lat' dir='ltr'>verbo</span> <span class='ocrx_word' id='word_1_201' title='bbox 2002 2720 2177 2782; x_wconf 91' lang='lat' dir='ltr'>sicut</span> <span class='ocrx_word' id='word_1_202' title='bbox 2231 2715 2507 2782; x_wconf 61' lang='lat' dir='ltr'>effectus</span> <span class='ocrx_word' id='word_1_203' title='bbox 2559 2736 2600 2779; x_wconf 92' lang='lat' dir='ltr'>a</span> <span class='ocrx_word' id='word_1_204' title='bbox 2650 2737 2773 2780; x_wconf 82' lang='lat' dir='ltr'>sua</span> 
     </span>
     <span class='ocr_line' id='line_1_23' title="bbox 527 2810 2769 2891; baseline -0.002 -15"><span class='ocrx_word' id='word_1_205' title='bbox 527 2832 731 2876; x_wconf 89' lang='lat' dir='ltr'>causa</span> <span class='ocrx_word' id='word_1_206' title='bbox 754 2811 1132 2891; x_wconf 82' lang='lat' dir='ltr'>efficiente3</span> <span class='ocrx_word' id='word_1_207' title='bbox 1181 2831 1338 2876; x_wconf 90' lang='lat' dir='ltr'>nam</span> <span class='ocrx_word' id='word_1_208' title='bbox 1370 2832 1560 2876; x_wconf 90' lang='lat' dir='ltr'>amor</span> <span class='ocrx_word' id='word_1_209' title='bbox 1592 2813 1657 2875; x_wconf 89' lang='lat' dir='ltr'>in</span> <span class='ocrx_word' id='word_1_210' title='bbox 1693 2812 2061 2876; x_wconf 89' lang='lat' dir='ltr'>Dominum</span> <span class='ocrx_word' id='word_1_211' title='bbox 2094 2823 2199 2876; x_wconf 88' lang='lat' dir='ltr'>est</span> <span class='ocrx_word' id='word_1_212' title='bbox 2230 2831 2458 2876; x_wconf 87' lang='lat' dir='ltr'>amare</span> <span class='ocrx_word' id='word_1_213' title='bbox 2490 2822 2560 2875; x_wconf 91' lang='lat' dir='ltr'>et</span> <span class='ocrx_word' id='word_1_214' title='bbox 2592 2810 2769 2873; x_wconf 88' lang='lat' dir='ltr'>velle</span> 
     </span>
     <span class='ocr_line' id='line_1_24' title="bbox 524 2905 2769 2989; baseline -0 -20"><span class='ocrx_word' id='word_1_215' title='bbox 524 2906 641 2970; x_wconf 90' lang='lat' dir='ltr'>illa</span> <span class='ocrx_word' id='word_1_216' title='bbox 693 2927 864 2989; x_wconf 88' lang='lat' dir='ltr'>quae</span> <span class='ocrx_word' id='word_1_217' title='bbox 920 2907 1193 2970; x_wconf 89' lang='lat' dir='ltr'>Domini</span> <span class='ocrx_word' id='word_1_218' title='bbox 1247 2918 1426 2982; x_wconf 89' lang='lat' dir='ltr'>sunt,</span> <span class='ocrx_word' id='word_1_219' title='bbox 1475 2908 1571 2970; x_wconf 86' lang='lat' dir='ltr'>ita</span> <span class='ocrx_word' id='word_1_220' title='bbox 1624 2907 1740 2969; x_wconf 90' lang='lat' dir='ltr'>illa</span> <span class='ocrx_word' id='word_1_221' title='bbox 1797 2927 1969 2989; x_wconf 89' lang='lat' dir='ltr'>quae</span> <span class='ocrx_word' id='word_1_222' title='bbox 2025 2907 2359 2970; x_wconf 87' lang='lat' dir='ltr'>Dominus</span> <span class='ocrx_word' id='word_1_223' title='bbox 2410 2908 2478 2970; x_wconf 89' lang='lat' dir='ltr'>in</span> <span class='ocrx_word' id='word_1_224' title='bbox 2534 2905 2769 2970; x_wconf 89' lang='lat' dir='ltr'>Verbo</span> 
     </span>
     <span class='ocr_line' id='line_1_25' title="bbox 525 3000 2769 3083; baseline -0 -20"><span class='ocrx_word' id='word_1_225' title='bbox 525 3011 1008 3083; x_wconf 90' lang='lat' dir='ltr'>praeceperat;</span> <span class='ocrx_word' id='word_1_226' title='bbox 1073 3011 1143 3065; x_wconf 91' lang='lat' dir='ltr'>et</span> <span class='ocrx_word' id='word_1_227' title='bbox 1201 3021 1392 3064; x_wconf 89' lang='lat' dir='ltr'>amor</span> <span class='ocrx_word' id='word_1_228' title='bbox 1445 3021 1608 3082; x_wconf 88' lang='lat' dir='ltr'>erga</span> <span class='ocrx_word' id='word_1_229' title='bbox 1664 3002 2050 3082; x_wconf 87' lang='lat' dir='ltr'>proximum</span> <span class='ocrx_word' id='word_1_230' title='bbox 2110 3012 2214 3065; x_wconf 90' lang='lat' dir='ltr'>est</span> <span class='ocrx_word' id='word_1_231' title='bbox 2273 3022 2363 3064; x_wconf 87' lang='lat' dir='ltr'>ex</span> <span class='ocrx_word' id='word_1_232' title='bbox 2424 3000 2542 3064; x_wconf 89' lang='lat' dir='ltr'>illo</span> <span class='ocrx_word' id='word_1_233' title='bbox 2592 3000 2769 3063; x_wconf 90' lang='lat' dir='ltr'>velle</span> 
     </span>
    </p>
   </div>
   <div class='ocr_carea' id='block_1_6' title="bbox 523 3093 2801 3178">
    <p class='ocr_par' dir='ltr' id='par_1_6' title="bbox 523 3093 2801 3178">
     <span class='ocr_line' id='line_1_26' title="bbox 523 3093 2801 3178; baseline 0 -20"><span class='ocrx_word' id='word_1_234' title='bbox 523 3095 767 3169; x_wconf 85' lang='lat' dir='ltr'>facere,</span> <span class='ocrx_word' id='word_1_235' title='bbox 809 3096 905 3158; x_wconf 90' lang='lat' dir='ltr'>ita</span> <span class='ocrx_word' id='word_1_236' title='bbox 941 3097 1323 3158; x_wconf 85' lang='lat' dir='ltr'>consistens</span> <span class='ocrx_word' id='word_1_237' title='bbox 1360 3096 1425 3158; x_wconf 90' lang='lat' dir='ltr'>in</span> <span class='ocrx_word' id='word_1_238' title='bbox 1467 3095 1695 3158; x_wconf 89' lang='lat' dir='ltr'>usibus</span> <span class='ocrx_word' id='word_1_239' title='bbox 1731 3097 2181 3177; x_wconf 87' lang='lat' dir='ltr'>praestandis,</span> <span class='ocrx_word' id='word_1_240' title='bbox 2221 3097 2333 3178; x_wconf 90' lang='lat' dir='ltr'>qui</span> <span class='ocrx_word' id='word_1_241' title='bbox 2371 3104 2530 3159; x_wconf 89' lang='lat' dir='ltr'>sunt</span> <span class='ocrx_word' id='word_1_242' title='bbox 2567 3093 2801 3158; x_wconf 75' lang='lat' dir='ltr'>essee·-</span> 
     </span>
    </p>
   </div>
   <div class='ocr_carea' id='block_1_7' title="bbox 523 3188 2769 4025">
    <p class='ocr_par' dir='ltr' id='par_1_7' title="bbox 523 3188 2769 4025">
     <span class='ocr_line' id='line_1_27' title="bbox 526 3188 2765 3272; baseline -0.001 -19"><span class='ocrx_word' id='word_1_243' title='bbox 526 3198 656 3254; x_wconf 72' lang='lat' dir='ltr'>tus,</span> <span class='ocrx_word' id='word_1_244' title='bbox 747 3189 948 3271; x_wconf 83' lang='lat' dir='ltr'>Quod</span> <span class='ocrx_word' id='word_1_245' title='bbox 980 3210 1100 3272; x_wconf 92' lang='lat' dir='ltr'>per</span> <span class='ocrx_word' id='word_1_246' title='bbox 1125 3196 1166 3224; x_wconf 88' lang='lat'><strong>“</strong></span> <span class='ocrx_word' id='word_1_247' title='bbox 1185 3189 1532 3254; x_wconf 88' lang='lat' dir='ltr'>mulierem</span> <span class='ocrx_word' id='word_1_248' title='bbox 1548 3189 1579 3216; x_wconf 77' lang='lat'>’⁸</span> <span class='ocrx_word' id='word_1_249' title='bbox 1603 3190 1779 3254; x_wconf 89' lang='lat' dir='ltr'>hanc</span> <span class='ocrx_word' id='word_1_250' title='bbox 1808 3189 2224 3271; x_wconf 85' lang='lat' dir='ltr'>significetur</span> <span class='ocrx_word' id='word_1_251' title='bbox 2249 3211 2425 3254; x_wconf 87' lang='lat' dir='ltr'>nova</span> <span class='ocrx_word' id='word_1_252' title='bbox 2456 3188 2765 3264; x_wconf 86' lang='lat' dir='ltr'>ecclesia,</span> 
     </span>
     <span class='ocr_line' id='line_1_28' title="bbox 525 3283 2769 3367; baseline 0 -21"><span class='ocrx_word' id='word_1_253' title='bbox 525 3304 698 3366; x_wconf 89' lang='lat' dir='ltr'>quae</span> <span class='ocrx_word' id='word_1_254' title='bbox 737 3295 892 3366; x_wconf 90' lang='lat' dir='ltr'>post</span> <span class='ocrx_word' id='word_1_255' title='bbox 930 3283 1132 3347; x_wconf 86' lang='lat' dir='ltr'>finem</span> <span class='ocrx_word' id='word_1_256' title='bbox 1171 3284 1366 3366; x_wconf 89' lang='lat' dir='ltr'>hujus</span> <span class='ocrx_word' id='word_1_257' title='bbox 1404 3305 1575 3367; x_wconf 85' lang='lat' dir='ltr'>quae</span> <span class='ocrx_word' id='word_1_258' title='bbox 1614 3286 1681 3347; x_wconf 91' lang='lat' dir='ltr'>in</span> <span class='ocrx_word' id='word_1_259' title='bbox 1720 3283 2105 3348; x_wconf 89' lang='lat' dir='ltr'>Christiano</span> <span class='ocrx_word' id='word_1_260' title='bbox 2145 3284 2307 3348; x_wconf 91' lang='lat' dir='ltr'>orbe</span> <span class='ocrx_word' id='word_1_261' title='bbox 2346 3294 2477 3359; x_wconf 89' lang='lat' dir='ltr'>est,</span> <span class='ocrx_word' id='word_1_262' title='bbox 2513 3285 2769 3347; x_wconf 90' lang='lat' dir='ltr'>instau-</span> 
     </span>
     <span class='ocr_line' id='line_1_29' title="bbox 525 3377 2759 3461; baseline 0 -21"><span class='ocrx_word' id='word_1_263' title='bbox 525 3379 737 3441; x_wconf 91' lang='lat' dir='ltr'>randa</span> <span class='ocrx_word' id='word_1_264' title='bbox 772 3389 878 3442; x_wconf 90' lang='lat' dir='ltr'>est</span> <span class='ocrx_word' id='word_1_265' title='bbox 914 3398 955 3441; x_wconf 92' lang='lat' dir='ltr'>a</span> <span class='ocrx_word' id='word_1_266' title='bbox 995 3378 1311 3454; x_wconf 83' lang='lat' dir='ltr'>Domino,</span> <span class='ocrx_word' id='word_1_267' title='bbox 1352 3389 1667 3443; x_wconf 86' lang='lat' dir='ltr'>constare</span> <span class='ocrx_word' id='word_1_268' title='bbox 1706 3388 1937 3459; x_wconf 88' lang='lat' dir='ltr'>potest</span> <span class='ocrx_word' id='word_1_269' title='bbox 1974 3399 2016 3442; x_wconf 86' lang='lat' dir='ltr'>a</span> <span class='ocrx_word' id='word_1_270' title='bbox 2052 3379 2489 3461; x_wconf 88' lang='lat' dir='ltr'>sequentibus</span> <span class='ocrx_word' id='word_1_271' title='bbox 2526 3379 2593 3442; x_wconf 88' lang='lat' dir='ltr'>in</span> <span class='ocrx_word' id='word_1_272' title='bbox 2629 3377 2759 3441; x_wconf 85' lang='lat' dir='ltr'>hoc</span> 
     </span>
     <span class='ocr_line' id='line_1_30' title="bbox 526 3472 2768 3556; baseline 0 -21"><span class='ocrx_word' id='word_1_273' title='bbox 526 3473 772 3552; x_wconf 79' lang='lat' dir='ltr'>capite,</span> <span class='ocrx_word' id='word_1_274' title='bbox 836 3492 1080 3554; x_wconf 86' lang='lat' dir='ltr'>nempe</span> <span class='ocrx_word' id='word_1_275' title='bbox 1138 3472 1322 3556; x_wconf 90' lang='lat' dir='ltr'>quod</span> <span class='ocrx_word' id='word_1_276' title='bbox 1385 3473 1782 3554; x_wconf 87' lang='lat' dir='ltr'>“pepererit</span> <span class='ocrx_word' id='word_1_277' title='bbox 1840 3472 2049 3536; x_wconf 88' lang='lat' dir='ltr'>filium</span> <span class='ocrx_word' id='word_1_278' title='bbox 2110 3473 2507 3548; x_wconf 88' lang='lat' dir='ltr'>masculum,</span> <span class='ocrx_word' id='word_1_279' title='bbox 2565 3491 2768 3555; x_wconf 88' lang='lat' dir='ltr'>quem</span> 
     </span>
     <span class='ocr_line' id='line_1_31' title="bbox 525 3564 2769 3648; baseline 0 -21"><span class='ocrx_word' id='word_1_280' title='bbox 525 3564 850 3629; x_wconf 87' lang='lat' dir='ltr'>devorare</span> <span class='ocrx_word' id='word_1_281' title='bbox 882 3566 1096 3630; x_wconf 88' lang='lat' dir='ltr'>voluit</span> <span class='ocrx_word' id='word_1_282' title='bbox 1127 3566 1356 3642; x_wconf 86' lang='lat' dir='ltr'>draco,</span> <span class='ocrx_word' id='word_1_283' title='bbox 1389 3575 1460 3630; x_wconf 90' lang='lat' dir='ltr'>et</span> <span class='ocrx_word' id='word_1_284' title='bbox 1497 3567 1611 3648; x_wconf 92' lang='lat' dir='ltr'>qui</span> <span class='ocrx_word' id='word_1_285' title='bbox 1641 3577 1874 3648; x_wconf 89' lang='lat' dir='ltr'>raptus</span> <span class='ocrx_word' id='word_1_286' title='bbox 1906 3577 2013 3630; x_wconf 90' lang='lat' dir='ltr'>est</span> <span class='ocrx_word' id='word_1_287' title='bbox 2050 3567 2137 3630; x_wconf 87' lang='lat' dir='ltr'>ad</span> <span class='ocrx_word' id='word_1_288' title='bbox 2172 3566 2452 3642; x_wconf 89' lang='lat' dir='ltr'>Deum,”</span> <span class='ocrx_word' id='word_1_289' title='bbox 2482 3576 2554 3630; x_wconf 91' lang='lat' dir='ltr'>et</span> <span class='ocrx_word' id='word_1_290' title='bbox 2586 3567 2769 3648; x_wconf 90' lang='lat' dir='ltr'>quod</span> 
     </span>
     <span class='ocr_line' id='line_1_32' title="bbox 531 3659 2767 3743; baseline 0.001 -21"><span class='ocrx_word' id='word_1_291' title='bbox 531 3659 826 3723; x_wconf 89' lang='lat' dir='ltr'>“mulier</span> <span class='ocrx_word' id='word_1_292' title='bbox 862 3659 978 3724; x_wconf 90' lang='lat' dir='ltr'>illa</span> <span class='ocrx_word' id='word_1_293' title='bbox 1012 3661 1344 3726; x_wconf 89' lang='lat' dir='ltr'>volaverit</span> <span class='ocrx_word' id='word_1_294' title='bbox 1382 3662 1448 3724; x_wconf 91' lang='lat' dir='ltr'>in</span> <span class='ocrx_word' id='word_1_295' title='bbox 1485 3659 1890 3735; x_wconf 87' lang='lat' dir='ltr'>desertum‚”</span> <span class='ocrx_word' id='word_1_296' title='bbox 1927 3671 1998 3724; x_wconf 88' lang='lat' dir='ltr'>et</span> <span class='ocrx_word' id='word_1_297' title='bbox 2036 3662 2215 3743; x_wconf 92' lang='lat' dir='ltr'>quod</span> <span class='ocrx_word' id='word_1_298' title='bbox 2258 3661 2525 3726; x_wconf 89' lang='lat' dir='ltr'>“draco</span> <span class='ocrx_word' id='word_1_299' title='bbox 2560 3661 2767 3724; x_wconf 88' lang='lat' dir='ltr'>etiam</span> 
     </span>
     <span class='ocr_line' id='line_1_33' title="bbox 523 3752 2766 3837; baseline 0 -21"><span class='ocrx_word' id='word_1_300' title='bbox 523 3753 616 3816; x_wconf 93' lang='lat' dir='ltr'>ibi</span> <span class='ocrx_word' id='word_1_301' title='bbox 660 3752 846 3816; x_wconf 90' lang='lat' dir='ltr'>illam</span> <span class='ocrx_word' id='word_1_302' title='bbox 892 3754 1102 3818; x_wconf 91' lang='lat' dir='ltr'>vellet</span> <span class='ocrx_word' id='word_1_303' title='bbox 1149 3755 1430 3836; x_wconf 87' lang='lat' dir='ltr'>perdere</span> <span class='ocrx_word' id='word_1_304' title='bbox 1455 3753 1506 3833; x_wconf 87' lang='lat'>;&#39;’</span> <span class='ocrx_word' id='word_1_305' title='bbox 1565 3775 1657 3818; x_wconf 88' lang='lat' dir='ltr'>ex</span> <span class='ocrx_word' id='word_1_306' title='bbox 1710 3755 2149 3837; x_wconf 89' lang='lat' dir='ltr'>sequentibus</span> <span class='ocrx_word' id='word_1_307' title='bbox 2194 3755 2374 3817; x_wconf 91' lang='lat' dir='ltr'>enim</span> <span class='ocrx_word' id='word_1_308' title='bbox 2420 3753 2766 3818; x_wconf 88' lang='lat' dir='ltr'>constabit</span> 
     </span>
     <span class='ocr_line' id='line_1_34' title="bbox 525 3845 2764 3930; baseline 0 -21"><span class='ocrx_word' id='word_1_309' title='bbox 525 3847 708 3930; x_wconf 93' lang='lat' dir='ltr'>quod</span> <span class='ocrx_word' id='word_1_310' title='bbox 753 3866 874 3928; x_wconf 88' lang='lat' dir='ltr'>per</span> <span class='ocrx_word' id='word_1_311' title='bbox 913 3847 1177 3911; x_wconf 87' lang='lat' dir='ltr'>“filium</span> <span class='ocrx_word' id='word_1_312' title='bbox 1223 3848 1599 3913; x_wconf 88' lang='lat' dir='ltr'>masculum</span> <span class='ocrx_word' id='word_1_313' title='bbox 1615 3847 1647 3873; x_wconf 90' lang='lat'><strong>”</strong></span> <span class='ocrx_word' id='word_1_314' title='bbox 1684 3849 2110 3930; x_wconf 85' lang='lat' dir='ltr'>intelligatur</span> <span class='ocrx_word' id='word_1_315' title='bbox 2146 3867 2377 3912; x_wconf 89' lang='lat' dir='ltr'>verum</span> <span class='ocrx_word' id='word_1_316' title='bbox 2415 3845 2764 3911; x_wconf 71' lang='lat' dir='ltr'>doctrinae</span> 
     </span>
     <span class='ocr_line' id='line_1_35' title="bbox 523 3939 2766 4025; baseline 0 -23"><span class='ocrx_word' id='word_1_317' title='bbox 523 3939 700 4003; x_wconf 89' lang='lat' dir='ltr'>illius</span> <span class='ocrx_word' id='word_1_318' title='bbox 745 3940 1092 4017; x_wconf 88' lang='lat' dir='ltr'>ecclesiae,</span> <span class='ocrx_word' id='word_1_319' title='bbox 1141 3951 1210 4006; x_wconf 91' lang='lat' dir='ltr'>et</span> <span class='ocrx_word' id='word_1_320' title='bbox 1258 3963 1377 4024; x_wconf 89' lang='lat' dir='ltr'>per</span> <span class='ocrx_word' id='word_1_321' title='bbox 1417 3942 1887 4006; x_wconf 89' lang='lat' dir='ltr'>“draconem’&#39;</span> <span class='ocrx_word' id='word_1_322' title='bbox 1923 3941 2404 4024; x_wconf 85' lang='lat' dir='ltr'>intelliguntur</span> <span class='ocrx_word' id='word_1_323' title='bbox 2446 3943 2558 4025; x_wconf 90' lang='lat' dir='ltr'>qui</span> <span class='ocrx_word' id='word_1_324' title='bbox 2603 3961 2766 4004; x_wconf 91' lang='lat' dir='ltr'>con-</span> 
     </span>
    </p>
   </div>
   <div class='ocr_carea' id='block_1_8' title="bbox 524 4033 2801 4120">
    <p class='ocr_par' dir='ltr' id='par_1_8' title="bbox 524 4033 2801 4120">
     <span class='ocr_line' id='line_1_36' title="bbox 524 4033 2801 4120; baseline 0 -21"><span class='ocrx_word' id='word_1_325' title='bbox 524 4046 634 4099; x_wconf 88' lang='lat' dir='ltr'>tra</span> <span class='ocrx_word' id='word_1_326' title='bbox 685 4034 860 4098; x_wconf 86' lang='lat' dir='ltr'>illius</span> <span class='ocrx_word' id='word_1_327' title='bbox 911 4033 1260 4102; x_wconf 66' lang='lat' dir='ltr'>doctrinae</span> <span class='ocrx_word' id='word_1_328' title='bbox 1313 4058 1477 4102; x_wconf 85' lang='lat' dir='ltr'>vera</span> <span class='ocrx_word' id='word_1_329' title='bbox 1528 4047 1708 4102; x_wconf 88' lang='lat' dir='ltr'>sunt.</span> <span class='ocrx_word' id='word_1_330' title='bbox 1818 4037 2023 4120; x_wconf 84' lang='lat' dir='ltr'>Quod</span> <span class='ocrx_word' id='word_1_331' title='bbox 2076 4037 2367 4102; x_wconf 88' lang='lat' dir='ltr'>ecclesia</span> <span class='ocrx_word' id='word_1_332' title='bbox 2420 4057 2595 4119; x_wconf 88' lang='lat' dir='ltr'>quae</span> <span class='ocrx_word' id='word_1_333' title='bbox 2650 4057 2801 4118; x_wconf 85' lang='lat' dir='ltr'>per-</span> 
     </span>
    </p>
   </div>
   <div class='ocr_carea' id='block_1_9' title="bbox 520 4129 2769 4693">
    <p class='ocr_par' dir='ltr' id='par_1_9' title="bbox 523 4129 2769 4495">
     <span class='ocr_line' id='line_1_37' title="bbox 528 4129 2769 4215; baseline 0.002 -24"><span class='ocrx_word' id='word_1_334' title='bbox 528 4129 935 4194; x_wconf 88' lang='lat' dir='ltr'>“mulierem</span> <span class='ocrx_word' id='word_1_335' title='bbox 951 4131 982 4156; x_wconf 92' lang='grc'>”</span> <span class='ocrx_word' id='word_1_336' title='bbox 1013 4132 1119 4196; x_wconf 91' lang='lat' dir='ltr'>hic</span> <span class='ocrx_word' id='word_1_337' title='bbox 1151 4133 1576 4215; x_wconf 86' lang='lat' dir='ltr'>intelligitur,</span> <span class='ocrx_word' id='word_1_338' title='bbox 1611 4133 1703 4196; x_wconf 90' lang='lat' dir='ltr'>sit</span> <span class='ocrx_word' id='word_1_339' title='bbox 1732 4133 1973 4196; x_wconf 88' lang='lat' dir='ltr'>eadem</span> <span class='ocrx_word' id='word_1_340' title='bbox 2004 4132 2295 4197; x_wconf 88' lang='lat' dir='ltr'>ecclesia</span> <span class='ocrx_word' id='word_1_341' title='bbox 2325 4151 2479 4195; x_wconf 89' lang='lat' dir='ltr'>cum</span> <span class='ocrx_word' id='word_1_342' title='bbox 2508 4137 2549 4165; x_wconf 79' lang='lat'>‘⁴</span> <span class='ocrx_word' id='word_1_343' title='bbox 2570 4132 2769 4197; x_wconf 88' lang='lat' dir='ltr'>Nova</span> 
     </span>
     <span class='ocr_line' id='line_1_38' title="bbox 525 4221 2767 4308; baseline 0.002 -22"><span class='ocrx_word' id='word_1_344' title='bbox 525 4221 1064 4306; x_wconf 87' lang='lat' dir='ltr'>Hierosolyma,”</span> <span class='ocrx_word' id='word_1_345' title='bbox 1133 4247 1306 4308; x_wconf 87' lang='lat' dir='ltr'>quae</span> <span class='ocrx_word' id='word_1_346' title='bbox 1383 4227 1787 4291; x_wconf 88' lang='lat' dir='ltr'>describitur</span> <span class='ocrx_word' id='word_1_347' title='bbox 1864 4245 2011 4308; x_wconf 88' lang='lat' dir='ltr'>cap.</span> <span class='ocrx_word' id='word_1_348' title='bbox 2090 4228 2261 4302; x_wconf 68' lang='lat' dir='ltr'>xxi„</span> <span class='ocrx_word' id='word_1_349' title='bbox 2332 4235 2406 4289; x_wconf 88' lang='lat' dir='ltr'>et</span> <span class='ocrx_word' id='word_1_350' title='bbox 2482 4236 2767 4290; x_wconf 85' lang='lat' dir='ltr'>vocatur</span> 
     </span>
     <span class='ocr_line' id='line_1_39' title="bbox 525 4319 2769 4404; baseline 0.003 -25"><span class='ocrx_word' id='word_1_351' title='bbox 525 4323 841 4398; x_wconf 87' lang='lat' dir='ltr'>“sponsa</span> <span class='ocrx_word' id='word_1_352' title='bbox 894 4319 1085 4401; x_wconf 91' lang='lat' dir='ltr'>Agni</span> <span class='ocrx_word' id='word_1_353' title='bbox 1135 4320 1356 4386; x_wconf 86' lang='lat' dir='ltr'>uxor&#39;’</span> <span class='ocrx_word' id='word_1_354' title='bbox 1403 4320 1607 4404; x_wconf 87' lang='lat' dir='ltr'>(vers.</span> <span class='ocrx_word' id='word_1_355' title='bbox 1662 4339 1706 4402; x_wconf 94' lang='lat'><strong>9</strong></span> <span class='ocrx_word' id='word_1_356' title='bbox 1756 4320 1902 4404; x_wconf 90' lang='lat' dir='ltr'>ibi),</span> <span class='ocrx_word' id='word_1_357' title='bbox 1950 4322 2017 4384; x_wconf 88' lang='lat' dir='ltr'>in</span> <span class='ocrx_word' id='word_1_358' title='bbox 2076 4319 2536 4403; x_wconf 83' lang='lat' dir='ltr'>explicatione</span> <span class='ocrx_word' id='word_1_359' title='bbox 2590 4321 2769 4386; x_wconf 91' lang='lat' dir='ltr'>illius</span> 
     </span>
     <span class='ocr_line' id='line_1_40' title="bbox 523 4415 1155 4495; baseline 0.006 -19"><span class='ocrx_word' id='word_1_360' title='bbox 523 4415 763 4495; x_wconf 90' lang='lat' dir='ltr'>capitis</span> <span class='ocrx_word' id='word_1_361' title='bbox 798 4415 1155 4480; x_wconf 87' lang='lat' dir='ltr'>videbitur.</span> 
     </span>
    </p>

    <p class='ocr_par' dir='ltr' id='par_1_10' title="bbox 520 4515 2768 4693">
     <span class='ocr_line' id='line_1_41' title="bbox 639 4515 2768 4603; baseline 0.002 -23"><span class='ocrx_word' id='word_1_362' title='bbox 639 4515 843 4598; x_wconf 77' lang='lat'><strong>708·</strong></span> <span class='ocrx_word' id='word_1_363' title='bbox 896 4517 1016 4580; x_wconf 71' lang='lat' dir='ltr'>“ft</span> <span class='ocrx_word' id='word_1_364' title='bbox 1048 4518 1196 4580; x_wconf 74' lang='lat' dir='ltr'>luna</span> <span class='ocrx_word' id='word_1_365' title='bbox 1235 4517 1349 4583; x_wconf 68' lang='lat' dir='ltr'>sub</span> <span class='ocrx_word' id='word_1_366' title='bbox 1373 4517 1629 4600; x_wconf 68' lang='lat' dir='ltr'>podibus</span> <span class='ocrx_word' id='word_1_367' title='bbox 1661 4517 2150 4601; x_wconf 72' lang='lat' dir='ltr'>ojue.”—Quod</span> <span class='ocrx_word' id='word_1_368' title='bbox 2192 4518 2535 4602; x_wconf 87' lang='lat' dir='ltr'>significet</span> <span class='ocrx_word' id='word_1_369' title='bbox 2551 4519 2768 4603; x_wconf 84' lang='lat' dir='ltr'>fidem</span> 
     </span>
     <span class='ocr_line' id='line_1_42' title="bbox 520 4608 2767 4693; baseline 0.004 -22"><span class='ocrx_word' id='word_1_370' title='bbox 520 4608 712 4689; x_wconf 78' lang='lat' dir='ltr'>apud</span> <span class='ocrx_word' id='word_1_371' title='bbox 746 4609 898 4674; x_wconf 80' lang='lat' dir='ltr'>illos</span> <span class='ocrx_word' id='word_1_372' title='bbox 948 4609 1071 4693; x_wconf 81' lang='lat' dir='ltr'>qui</span> <span class='ocrx_word' id='word_1_373' title='bbox 1107 4610 1452 4676; x_wconf 77' lang='lat' dir='ltr'>naturales</span> <span class='ocrx_word' id='word_1_374' title='bbox 1496 4612 1674 4688; x_wconf 76' lang='lat' dir='ltr'>sunt,</span> <span class='ocrx_word' id='word_1_375' title='bbox 1720 4620 1785 4676; x_wconf 84' lang='lat' dir='ltr'>et</span> <span class='ocrx_word' id='word_1_376' title='bbox 1830 4609 1904 4676; x_wconf 77' lang='lat' dir='ltr'>in</span> <span class='ocrx_word' id='word_1_377' title='bbox 1954 4611 2305 4688; x_wconf 77' lang='lat' dir='ltr'>charitate,</span> <span class='ocrx_word' id='word_1_378' title='bbox 2354 4622 2628 4680; x_wconf 86' lang='lat' dir='ltr'>constat</span> <span class='ocrx_word' id='word_1_379' title='bbox 2674 4631 2767 4680; x_wconf 79' lang='lat' dir='ltr'>ex</span> 
     </span>
    </p>
   </div>
  </div>
 </body>
</html>
