3259 5384
659 651 829 719 2030
1228 650 1233 656 ’
1280 654 1780 707 APOCALYPSIS
1825 656 2276 707 EXPLICATA.

750 820 933 884 “Quia
955 821 1209 871 adulteris
1236 823 1397 885 plena
1424 834 1507 874 est
1534 833 1694 883 terra.
1713 825 1838 889 quia
1864 834 2086 889 propter
2109 822 2541 876 maledicitionem
2567 825 2714 889 luget
2735 834 2884 885 terra,

911 898 1233 937 exaruerunt
1257 904 1453 952 pascua
1476 890 1717 939 deserti’·
1741 890 1907 953 (xxiii.
1935 892 2017 953 10)
2037 907 2049 941 ε

650 1050 769 1111 per
804 1036 843 1063 ‘⁶
863 1038 1113 1095 terram
1146 1032 1473 1101 adulteris
1505 1034 1778 1115 plenam
1800 1032 1830 1061 '³
1863 1032 2284 1116 significatur
2315 1033 2627 1108 ecclesia,
2661 1034 2730 1097 in
2761 1054 2882 1116 qua

648 1124 831 1187 bona
867 1134 939 1188 et
976 1146 1137 1189 vera
1182 1126 1323 1207 ejus
1367 1147 1459 1190 ex
1498 1127 1734 1192 Verbo
1771 1128 2162 1192 adulterata
2207 1139 2408 1205 sunt;
2457 1148 2577 1211 per
2617 1128 2882 1190 “male-

648 1215 1079 1294 dictionem,”
1124 1230 1403 1302 propter
1455 1240 1658 1303 quam
1713 1222 1904 1303 luget
1963 1231 2167 1298 terra,
2216 1220 2636 1304 significatur
2687 1240 2884 1285 omne

650 1312 903 1375 malum
934 1314 1119 1376 vitae
1151 1323 1221 1377 et
1259 1313 1502 1377 falsum
1537 1314 1890 1379 doctrinae
1917 1338 1932 1393 ;
1979 1326 2050 1379 et
2084 1337 2204 1398 per
2237 1322 2278 1349 “
2296 1335 2548 1399 pascua
2579 1314 2882 1389 deserti‚”

647 1426 822 1487 quae
857 1419 1295 1485 exaruerunt,
1334 1408 1803 1491 significantur
1839 1412 2274 1493 cognitiones
2314 1411 2472 1475 boni
2511 1420 2583 1475 et
2622 1410 2760 1474 veri
2795 1430 2882 1473 ex

650 1500 885 1564 Verbo
917 1523 933 1580 ς
1006 1508 1047 1536 “
1074 1522 1324 1584 pascua
1340 1502 1373 1529 ”
1433 1514 1589 1567 sunt
1659 1503 1816 1568 illae
1876 1507 2310 1587 cognitiones
2369 1506 2526 1587 quia
2589 1506 2882 1567 animum

647 1595 863 1671 alunt,
911 1607 984 1661 et
1034 1598 1485 1663 “desertum’'
1527 1608 1637 1663 est
1685 1598 1990 1663 Verbum
2036 1618 2192 1663 cum
2245 1599 2710 1663 adulteratum
2755 1607 2879 1663 est.

648 1690 857 1772 Apud
895 1690 1245 1767 Davidem,

755 1835 999 1901 Jehovah
1030 1837 1227 1899 “ponit
1262 1837 1455 1887 fluvios
1491 1838 1545 1887 in
1580 1838 1870 1897 desertum,
1899 1848 1954 1887 et
1985 1838 2160 1887 exitus
2193 1851 2450 1902 aquarum
2487 1838 2543 1887 in
2577 1838 2882 1897 siccitatem,

910 1911 1105 1950 terram
1131 1900 1335 1951 fructus
1359 1904 1415 1951 in
1440 1902 1786 1965 salsuginem,
1807 1905 1878 1952 ob
1902 1904 2163 1953 malitiam
2187 1904 2546 1954 habitantium
2571 1904 2624 1953 in
2651 1902 2760 1952 ea”
2776 1902 2882 1965 (ps.

908 1968 1026 2017 cvii.
1052 1980 1131 2028 33,
1158 1968 1270 2029 34):

647 2139 766 2201 per
807 2118 1101 2183 “fluvios
1122 2119 1153 2145 ”
1190 2121 1303 2202 qui
1344 2126 1746 2202 “ponuntur
1790 2122 1858 2185 in
1897 2119 2245 2184 desertum
2261 2119 2294 2145 ’⁸
2331 2118 2750 2202 significatur
2784 2120 2883 2182 in-

646 2213 1035 2297 telligentia
1074 2236 1162 2277 ex
1202 2212 1559 2279 intellectu
1594 2217 1756 2291 veri,
1797 2225 1869 2280 et
1907 2236 2174 2298 quoque
2212 2213 2426 2278 Verbi
2463 2213 2689 2297 quoad
2729 2234 2882 2277 sen-

645 2328 793 2370 sum
826 2309 1217 2371 interiorem
1251 2308 1413 2391 ejuS,
1448 2310 1814 2372 devastata
1851 2330 1971 2391 per
1999 2308 2169 2372 salsa
2201 2330 2292 2371 ex
2326 2307 2552 2385 malo;
2602 2306 2886 2370 “fluvii’'

645 2412 805 2465 sunt
844 2401 1011 2465 talia
1048 2422 1221 2484 quae
1258 2402 1784 2485 intelligentiae,
1823 2412 1894 2467 et
1931 2403 2340 2466 “desertum
2358 2401 2390 2426 ”
2421 2401 2533 2465 ubi
2569 2422 2709 2464 non
2747 2399 2885 2474 illa,

646 2497 767 2558 sed
811 2494 965 2558 loco
1002 2515 1232 2559 eorum
1271 2496 1441 2559 salsa
1479 2518 1569 2559 ex
1607 2496 1828 2560 malo:
1877 2517 1996 2580 per
2037 2498 2324 2560 “exitus
2362 2515 2689 2579 aquarum
2705 2494 2739 2519 '⁹
2777 2496 2888 2577 qui

648 2595 1051 2670 “ponuntur
1095 2591 1162 2653 in
1216 2590 1650 2654 siccitatem”
1695 2588 2118 2672 significatur
2163 2590 2344 2673 quod
2393 2589 2634 2653 ultima
2679 2590 2886 2654 intel-

646 2680 885 2759 lec‘tuS,
920 2705 1094 2767 quae
1126 2686 1558 2766 cognitiones
1590 2686 1732 2749 veri
1768 2694 1840 2749 et
1878 2685 2040 2747 boni
2071 2692 2427 2758 vocantur,
2463 2684 2600 2747 sint
2631 2684 2890 2767 absque

645 2780 830 2842 omni
870 2778 1018 2843 luce
1050 2790 1119 2843 et
1152 2776 1506 2843 affectione
1539 2779 1871 2863 spirituali
1909 2780 2090 2857 veri3
2141 2784 2182 2811 “
2203 2798 2418 2861 aquae
2435 2776 2465 2802 ”
2497 2776 2890 2859 significant

644 2892 827 2947 vera,
858 2878 897 2905 ‘⁸
916 2875 1187 2936 siccitas
1204 2873 1235 2899 '³
1261 2873 1804 2955 deprivationem
1835 2892 2070 2936 eorum
2101 2894 2192 2936 ex
2224 2891 2364 2935 non
2397 2870 2546 2935 luce
2577 2880 2650 2934 et
2684 2870 2892 2935 affec-

646 2967 858 3043 tione,
899 2977 969 3030 et
1013 2968 1300 3031 “exitus
1318 2966 1349 2992 '⁹
1387 2966 1629 3030 ultima
1671 2986 1924 3041 eorum,
1965 2965 2194 3049 qualia
2238 2974 2397 3029 sunt
2442 2985 2605 3029 vera
2649 2984 2890 3028 sensus

645 3060 920 3125 litterae
978 3060 1228 3125 Verbi:
1292 3082 1411 3144 per
1458 3068 1772 3125 “terram
1835 3057 2134 3125 fruc'tus”
2179 3080 2352 3143 quae
2407 3066 2764 3143 “ponetur
2821 3061 2888 3123 in

644 3155 1108 3238 salsuginem”
1145 3154 1565 3237 significatur
1613 3155 1868 3219 bonum
1913 3155 2162 3219 amoris
2208 3162 2280 3218 et
2329 3156 2513 3217 vitae
2559 3153 2890 3236 profunde

644 3260 991 3313 vastatum
1019 3272 1137 3333 per
1162 3248 1331 3314 falsa
1359 3271 1375 3328 ;
1414 3254 1453 3283 ‘⁴
1475 3248 1753 3331 salsugo
1767 3249 1798 3275 '³
1818 3260 1924 3313 est
1949 3249 2342 3313 devastatio
2366 3249 2506 3311 veri
2533 3268 2653 3331 per
2676 3246 2887 3311 falsa:

644 3354 716 3407 et
755 3346 910 3427 quia
947 3346 1166 3408 omnis
1203 3344 1594 3408 devastatio
1632 3365 1752 3426 per
1787 3343 1956 3406 salsa
1992 3353 2099 3407 est
2139 3364 2230 3406 ex
2270 3342 2453 3405 malo
2489 3342 2697 3416 vitae,
2733 3342 2890 3405 ideo

644 3441 939 3518 additur,
990 3440 1139 3504 “ob
1183 3440 1517 3504 malitiam
1564 3439 2027 3503 habitantium
2076 3439 2143 3501 in
2189 3438 2328 3501 ea.”
2433 3436 2643 3520 Apud
2690 3435 2891 3512 Jere-

645 3534 871 3611 nu’am,

746 3677 946 3728 “Tolle
973 3679 1157 3727 oculos
1186 3688 1308 3727 tuos
1343 3678 1411 3726 ad
1445 3677 1628 3733 colles,
1659 3686 1714 3725 et
1739 3676 1864 3726 vide
1889 3676 1980 3726 ubi
2013 3672 2172 3741 [non]
2204 3684 2448 3739 stuprata
2473 3690 2565 3734 es:
2597 3688 2766 3738 super
2795 3675 2892 3725 viis

908 3744 1094 3793 sedisti
1119 3744 1255 3793 sicut
1273 3743 1451 3792 Arabs
1476 3742 1531 3791 in
1556 3744 1772 3791 deserto
1791 3758 1803 3800 ;
1839 3743 1982 3791 unde
2011 3741 2310 3805 profanasti
2333 3750 2533 3791 terram
2553 3742 2894 3791 scortationi-

908 3810 1009 3859 bus
1032 3809 1138 3859 tuis
1162 3817 1217 3858 et
1240 3809 1445 3857 malitia
1467 3806 1604 3858 tua”
1628 3808 1725 3869 (iii.
1751 3810 1831 3870 2):

647 3971 766 4035 per
831 3950 1005 4014 haec
1070 3970 1337 4033 quoque
1405 3946 1812 4011 describitur
1879 3946 2294 4010 adulteratio
2363 3956 2437 4009 et
2507 3944 2893 4011 falsificatio

646 4044 900 4122 Verbi;
963 4064 1080 4126 per
1130 4044 1477 4125 “stuprari
1495 4041 1525 4068 '⁹
1578 4052 1652 4105 et
1711 4043 2056 4105 “scortari
2077 4041 2109 4066 ”
2161 4040 2321 4104 illae
2375 4038 2888 4121 significantur:

645 4140 803 4203 inde
842 4140 1101 4203 “Tolle
1146 4139 1382 4202 oculos
1426 4138 1515 4201 ad
1560 4135 1798 4212 colleS,
1845 4146 1917 4201 et
1963 4136 2120 4199 vide
2165 4136 2277 4199 ubi
2327 4134 2525 4219 [non]
2575 4145 2893 4218 stuprata

644 4233 781 4307 es,”
825 4233 1165 4316 significat
1211 4233 1759 4297 animadvertere
1803 4232 1891 4294 ad
1938 4231 2371 4312 cognitiones
2417 4232 2558 4294 veri
2602 4241 2676 4294 et
2735 4230 2892 4294 boni

644 4330 712 4393 in
774 4329 1029 4405 Verb0,
1078 4328 1261 4411 quod
1320 4326 1798 4403 adulteratae3
1851 4325 2154 4389 “tollere
2211 4324 2496 4388 oculos”
2549 4323 2890 4407 significat

645 4425 1191 4488 animadvertere
1216 4442 1231 4500 ;
1270 4428 1309 4455 “
1325 4420 1587 4484 colles”
1610 4419 2000 4502 significant
2025 4420 2460 4501 cognitiones
2485 4420 2660 4495 illas,
2683 4438 2891 4503 prop·

646 4526 753 4582 ter
792 4518 981 4581 lucos
1018 4527 1089 4580 et
1127 4517 1401 4579 arbores
1439 4535 1612 4600 quae
1645 4536 1846 4597 super
1883 4514 2036 4587 illis,
2071 4534 2192 4596 per
2225 4535 2395 4597 quas
2433 4513 2590 4577 illae
2629 4510 2890 4595 signifi·

646 4622 889 4676 cantur
914 4633 932 4693 ς
992 4612 1203 4675 etiam
1248 4630 1369 4693 per
1416 4609 1737 4673 “colles’'
1781 4608 2251 4692 significantur
2294 4609 2478 4673 bona
2528 4606 2889 4673 charitatis
