3259 5384
1795 302 2229 383 Llssflkny·

1890 382 2089 419 orm

1683 434 1831 495 ΠΝ
1839 440 2290 499 IVERSITY

1789 558 1856 611 Οι-
1879 554 2184 637 offlam&

918 684 1081 736 cAP.
1112 684 1287 749 xm,
1321 684 1529 735 vnas,
1569 683 1824 734 12.--N.
1857 649 2049 753 893?
2401 682 2566 753 24²3

332 853 503 919 fides
538 853 815 918 illis‘est
850 853 1186 930 charitas;
1232 870 1393 916 nam
1428 852 1745 935 quicquid
1779 873 1872 915 ex
1909 852 2240 917 charitate
2277 853 2464 917 venit
2500 852 2570 915 in

334 950 851 1030 cogitationem,
892 947 966 1011 id
1011 947 1166 1029 quia
1210 948 1559 1011 charitatis
1604 956 1732 1022 est,
1777 956 1882 1009 est
1927 946 2152 1028 quoad
2203 946 2570 1009 essentiam

328 1043 657 1118 charitas,
678 1041 953 1106 tametsi
981 1040 1103 1103 illa
1128 1039 1352 1123 quoad
1382 1040 1823 1103 existentiam
1854 1049 2137 1103 vocatur
2166 1038 2332 1104 fides
2357 1060 2372 1116 ;
2411 1057 2570 1101 nam

322 1136 501 1200 nihil
537 1137 609 1199 in
642 1135 1058 1218 cogitatione
1096 1144 1327 1216 potest
1354 1135 1675 1209 existere,
1711 1134 1836 1197 nisi
1871 1134 2052 1215 quod
2091 1134 2180 1197 sit
2217 1154 2308 1197 ex
2345 1133 2571 1215 aliqua

330 1227 713 1305 affectione,
745 1240 817 1292 et
846 1228 1003 1292 inde
1038 1237 1145 1292 est
1174 1224 1584 1305 affeffionis;
1631 1227 1799 1292 haec
1833 1228 2014 1291 enim
2045 1229 2220 1293 sicut
2247 1237 2358 1290 est
2395 1246 2568 1301 esse,

326 1324 434 1386 ita
468 1334 579 1386 est
608 1323 851 1386 vita-et
886 1323 1111 1386 anima
1140 1322 1611 1403 cogitationis:
1661 1321 1878 1385 simile
1906 1330 2014 1384 est
2052 1340 2205 1385 cum
2235 1321 2572 1385 charitate

328 1426 405 1481 et
468 1414 641 1493 fide3
698 1416 855 1479 inde
886 1416 1199 1497 sequitur
1242 1414 1423 1498 quod
1470 1414 1638 1478 fides
1683 1434 1820 1478 non
1865 1414 2106 1491 dabilis
2161 1417 2249 1479 sit
2295 1416 2420 1478 nisi
2477 1436 2570 1479 ex

326 1512 693 1586 charitate,
726 1520 871 1573 tum
909 1510 1091 1591 qnod
1128 1508 1295 1573 fides
1332 1528 1603 1591 prorsus
1641 1508 1797 1573 talis
1834 1509 1922 1572 sit
1953 1508 2170 1591 qualis
2207 1517 2315 1571 est
2350 1509 2568 1572 chari-

328 1613 449 1667 tas
480 1616 907 1675 (ωᾱᾱιιιῆηιίυὶ
932 1616 1111 1675 plum).
1194 1600 1401 1681 Quod
1450 1601 1968 1682 persecutiones
2020 1599 2294 1663 illorum
2341 1602 2456 1681 qui
2499 1599 2569 1663 in

325 1695 669 1758 charitate
700 1702 879 1768 sunt,
914 1692 1003 1755 ab
1032 1692 1161 1755 illis
1192 1693 1305 1775 qui
1340 1693 1407 1755 in
1438 1690 1571 1755 fide
1602 1702 1917 1775 separata
1946 1712 1987 1753 a
2017 1690 2370 1765 charitate,
2406 1692 2568 1755 atti-

326 1799 479 1863 net,
527 1807 665 1851 non
716 1786 916 1851 hodie
970 1785 1145 1850 tales
1190 1786 1698 1867 persecutiones
1743 1796 1901 1849 sunt
1948 1786 2126 1868 quod
2182 1785 2569 1867 relegentur

324 1894 396 1946 et
446 1880 827 1962 rejiciantur
862 1901 900 1943 e
937 1881 1247 1945 coetibus
1284 1880 1463 1943 orbis
1500 1878 1888 1955 Christiani,
1927 1879 2050 1943 sed
2085 1880 2265 1962 quod
2308 1879 2395 1941 ab
2439 1879 2569 1942 illis

322 1976 447 2057 qui
490 1976 559 2037 in
594 1974 742 2037 sola
776 1972 907 2037 fide
944 1973 1503 2057 blasphementur
1536 1983 1607 2037 et
1645 1974 2093 2053 damnentur3
2147 1992 2350 2036 nemo
2388 1975 2567 2035 enim

326 2078 569 2151 potest
604 2066 887 2149 relegari
924 2077 995 2133 et
1040 2068 1239 2148 rejici,
1279 2069 1345 2130 in
1394 2088 1793 2151 quocunque
1827 2088 2044 2150 regno
2089 2070 2197 2142 sit,
2239 2070 2348 2149 qui
2395 2067 2568 2130 bene

327 2164 523 2237 vivit,
561 2172 633 2226 et
675 2161 837 2226 dicit
875 2162 1055 2245 quod
1101 2163 1276 2226 bene
1312 2162 1675 2226 vivendum
1713 2164 1801 2226 sit
1847 2172 1922 2226 ut
1968 2162 2310 2239 salvetur;
2366 2181 2570 2225 causa

326 2264 461 2332 est,
490 2258 647 2337 quia
669 2256 799 2320 hoc
827 2274 1095 2337 prorsus
1120 2256 1495 2320 concordat
1527 2274 1681 2319 cum
1714 2255 1966 2331 Verb0,
2000 2266 2072 2319 et
2103 2257 2258 2338 quia
2289 2256 2567 2339 quisque

322 2370 419 2413 ex
454 2349 769 2413 rationali
802 2349 1051 2413 lumine
1078 2350 1264 2413 videt
1288 2350 1470 2433 quod
1500 2351 1676 2413 bene
1699 2350 2062 2414 vivendum
2089 2351 2174 2413 sit
2199 2371 2218 2427 ς
2253 2361 2325 2412 at
2358 2368 2566 2431 usque

327 2444 417 2507 ab
448 2443 584 2506 inis
612 2444 724 2525 qui
765 2441 891 2525 [in]
925 2442 1073 2507 sola
1102 2442 1233 2507 fide
1264 2454 1443 2519 sunt,
1477 2444 1890 2507 damnantur
1917 2445 2089 2506 sicut
2122 2445 2232 2525 qui
2265 2462 2399 2505 non
2431 2441 2567 2504 sal-

328 2540 474 2601 vari
507 2548 812 2618 possunt,
839 2555 930 2599 ex
964 2556 1167 2600 causa
1198 2538 1417 2601 meriti
1448 2538 1514 2601 in
1546 2538 1742 2601 bonis
1773 2538 2106 2619 operibuS,
2135 2547 2206 2600 et
2242 2557 2332 2600 ex
2366 2554 2570 2599 causa

326 2650 614 2713 operum
651 2650 693 2694 a
728 2652 821 2707 se,
860 2650 1032 2713 quae
1070 2646 1207 2694 non
1245 2632 1425 2695 bona
1461 2642 1642 2706 sunt,
1683 2642 1952 2713 praeter
1987 2631 2198 2712 plura,
2240 2650 2362 2712 per
2393 2650 2566 2713 quae

328 2724 741 2789 confirmant
765 2723 1318 2806 justificationem
1346 2734 1421 2789 et
1453 2725 1900 2788 salvationem
1927 2744 2048 2807 per
2076 2726 2292 2813 solam
2323 2724 2524 2787 fidem
2551 2745 2566 2803 ;

326 2820 463 2882 hoc
492 2818 909 2881 manifestius
932 2828 1123 2899 patet
1148 2819 1329 2900 apud
1352 2818 1506 2882 illos
1530 2818 1641 2901 qui
1671 2839 1712 2881 e
1736 2828 1937 2883 coetu
1965 2818 2362 2882 Moraviano
2386 2829 2565 2894 sunt,

322 2914 446 2995 qui
491 2912 880 2976 defensores
918 2910 1073 2975 fidei
1110 2922 1465 2995 separatae
1501 2922 1658 2975 sunt
1701 2930 1860 2993 prae
1897 2912 2064 2988 aliis,
2105 2934 2146 2975 a
2189 2914 2428 2995 quibus
2473 2914 2571 2976 ita

326 3008 747 3069 damnantur
776 3015 851 3070 ut
883 3006 1113 3069 dicant
1144 3006 1298 3069 ilios
1331 3026 1465 3069 non
1497 3008 1711 3081 vivos,
1746 3006 1866 3068 sed
1905 3006 2105 3087 plane
2137 3018 2461 3080 mortuos,
2497 3017 2570 3071 et

324 3118 577 3164 omnes
610 3097 897 3181 rejeetos
940 3120 977 3163 e
1022 3101 1235 3175 caelo,
1276 3102 1387 3183 qui
1430 3100 1496 3163 in
1543 3099 1686 3163 vita
1721 3120 1842 3163 sua
1886 3118 1976 3162 ex
2023 3100 2346 3181 religione
2379 3102 2568 3181 cogi-

326 3204 490 3258 tant
522 3194 609 3257 de
646 3193 840 3257 bonis
870 3191 1208 3258 faciendis.
1298 3193 1405 3257 Illi
1442 3194 1553 3277 qui
1592 3212 1728 3258 non
1766 3214 1855 3257 ex
1894 3192 2013 3257 illo
2049 3202 2248 3257 coetu
2287 3203 2466 3269 sunt,
2501 3196 2568 3257 in

324 3287 639 3352 ecclesiis
684 3287 793 3350 ubi
838 3308 1045 3370 opera
1088 3284 1337 3369 rejec'ta
1370 3297 1532 3351 sunt
1578 3297 1651 3351 ut
1697 3307 1835 3351 non
1873 3288 2094 3351 media
2132 3288 2388 3363 salutis,
2430 3306 2567 3351 non

326 3382 430 3444 ita
456 3379 955 3461 blasphemant,
984 3381 1102 3444 sed
1137 3402 1344 3463 usque
1369 3382 1636 3445 sinistre
1668 3381 1754 3444 de
1785 3381 1914 3444 illis
1940 3382 2250 3463 cogitant
2275 3403 2292 3459 ;
2339 3384 2568 3463 impri-

324 3476 465 3546 mis
508 3472 613 3537 illi
649 3475 761 3556 qui
806 3474 1037 3538 multis
1080 3495 1153 3539 se
1200 3495 1318 3557 per
1362 3476 1633 3556 scripta,
1674 3486 1794 3539 ant
1840 3494 1959 3557 per
2002 3475 2565 3556 praedicationeS,

326 3576 455 3632 aut
495 3586 615 3647 per
646 3568 1220 3643 ratiocinationes,
1260 3568 1326 3631 in
1364 3567 1916 3651 justificationem
1955 3588 2076 3650 per
2109 3568 2326 3631 solam
2363 3569 2566 3633 fidem

329 3660 943 3741 confirmaverunt3
987 3664 1115 3726 hae
1152 3664 1656 3745 persecutiones
1682 3674 1840 3727 sunt
1877 3684 2049 3746 quae
2086 3683 2205 3744 per
2241 3664 2566 3744 “patien-

328 3760 505 3822 tiam
520 3756 551 3783 ²³
574 3758 679 3821 hic
700 3756 1105 3839 intelligitur
1124 3776 1141 3836 ;
1180 3765 1252 3821 et
1274 3774 1542 3843 quoque
1572 3758 1642 3821 in
1665 3758 1890 3841 capite
1915 3760 2031 3821 xii.
2055 3756 2117 3820 A
2117 3758 2567 3841 pocagypseos,

330 3870 459 3935 per

416 3980 783 4049 ‘Quod'draco
807 3984 1013 4033 steterit
1036 3998 1216 4033 coram
1243 3984 1465 4033 muliere
1487 3984 1667 4033 futura
1689 3998 1893 4048 parere,
1911 3994 1972 4035 ut
1995 3996 2280 4049 postquam
2305 3987 2574 4049 pepererit

601 4048 765 4098 fetum
794 4048 915 4111 ejus
937 4049 1253 4109 devoraret3
1286 4059 1341 4098 et
1369 4050 1511 4113 quod
1540 4060 1730 4113 postea
1756 4060 2066 4114 persecutus
2096 4050 2166 4099 sit
2195 4049 2489 4110 mulierem,
2517 4061 2574 4101 et

600 4124 723 4177 post
749 4114 893 4163 illam
928 4128 995 4163 ex
1028 4128 1122 4165 ore
1150 4128 1250 4163 suo
1275 4114 1494 4177 ejecerit
1516 4128 1714 4178 aquam
1741 4124 1996 4179 tanquam
2026 4114 2242 4175 fiumen,
2265 4126 2324 4165 ut
2357 4116 2504 4166 illam
2539 4130 2575 4167 a

600 4176 819 4228 flumine
842 4180 1149 4241 absorptam
1173 4179 1403 4229 faceret:
1443 4188 1500 4230 et
1530 4180 1674 4243 quod
1698 4178 1864 4229 iratus
1892 4180 1962 4229 sit
1987 4182 2150 4230 draco
2173 4188 2364 4230 contra
2385 4180 2573 4230 mulie·

600 4258 727 4303 rem,
746 4254 801 4293 et
822 4245 1051 4293 abiverit
1073 4244 1249 4295 facere
1266 4243 1463 4295 bellum
1479 4258 1601 4293 cum
1620 4245 1840 4309 reliquis
1857 4246 2079 4295 seminis
2097 4244 2218 4307 ejus
2239 4247 2575 4297 observanti-

598 4310 699 4358 bus
733 4308 989 4357 mandata
1024 4308 1141 4369 Dei,
1169 4318 1224 4359 et
1256 4310 1577 4359 habentibus
1609 4309 1980 4361 testimonium
2011 4309 2144 4375 Jesu
2179 4309 2378 4361 Christi
2411 4310 2571 4373 (vers.

598 4387 647 4433 a.
676 4385 751 4434 τε.
780 4374 891 4435 17)=

332 4503 644 4571 similiter
702 4523 873 4587 quae
932 4503 1016 4568 de
1080 4505 1369 4571 “bestiis
1386 4504 1417 4530 ”
1474 4503 1656 4587 (cap.
1701 4506 1838 4569 xiii.
1881 4519 2021 4588 5-7,
2070 4504 2174 4590 15)
2235 4508 2568 4575 dicuntur.

336 4594 545 4679 Quod
583 4598 791 4661 etiam
829 4600 1331 4679 persecutiones
1367 4599 1499 4663 iuis
1543 4601 1680 4664 sint
1723 4610 1999 4683 propter
2033 4602 2452 4683 agnitionem
2497 4612 2571 4673 et
