3259 5384
997 646 1157 701 cAP.
1192 649 1375 713 xm„
1410 648 1617 699 vERs.
1659 648 1874 715 5.-Ν,
1909 648 2051 719 794
2459 650 2584 699 221
2609 650 2629 697 ι

496 814 744 883 “Utique
773 832 874 869 vos
912 818 1185 881 Pharisaei
1220 829 1499 871 externum
1536 820 1713 884 poculi
1748 828 1801 870 et
1837 818 2051 883 patinae
2081 818 2336 881 purgatis,
2367 816 2636 867 internum

662 898 794 933 vero
812 894 1049 934 vestrum
1072 887 1288 947 plenum
1307 896 1391 935 est
1416 886 1605 948 rapina
1627 896 1684 935 et
1705 884 1944 934 malitia:
1981 884 2314 945 insipientes,
2335 896 2520 931 nonne
2544 883 2638 945 qui

660 948 795 997 fecit
826 960 1125 1009 externum,
1158 952 1321 1001 etiam
1356 952 1627 1001 internum
1664 950 1830 1001 iecit?
1874 952 2046 1000 immo
2079 963 2379 1011 vero-quae
2419 948 2637 1001 insunt:

662 1014 789 1063 date
836 1014 1257 1079 eleemosynam,
1299 1027 1412 1067 tum
1458 1031 1581 1067 ecce
1627 1016 1814 1067 omnia
1858 1015 2062 1065 munda
2106 1013 2262 1063 vobis
2307 1011 2507 1064 erunt''
2548 1012 2638 1073 (xi.

663 1078 877 1141 39-41)=

400 1208 668 1286 dicitur,
703 1222 1075 1277 externum
1113 1214 1393 1297 “poculi
1426 1224 1497 1279 et
1528 1211 1865 1297 patinae‚”
1894 1232 1975 1275 ac
2009 1212 2350 1275 internum
2383 1228 2636 1281 eorum,

403 1305 559 1387 quia
582 1325 705 1386 per
728 1312 767 1338 ‘⁸
785 1306 1103 1387 poculum
1120 1307 1579 1390 ”intelligitur
1602 1308 1821 1373 simile
1846 1307 2030 1391 quod
2057 1326 2176 1387 per
2198 1310 2237 1337 ‘⁸
2254 1303 2546 1377 vinum‚”
2565 1315 2641 1367 et

402 1416 521 1479 per
569 1400 935 1480 “patinam
956 1401 986 1424 ’'
1032 1401 1252 1465 simile
1303 1403 1485 1485 quod
1538 1422 1660 1484 per
1715 1400 2074 1477 “cibum;”
2135 1419 2255 1481 per
2303 1396 2638 1462 “vinum”

402 1492 825 1573 significatur
877 1514 1131 1571 verum,
1180 1516 1259 1559 ac
1316 1517 1435 1578 per
1490 1496 1818 1560 “cibum''
1871 1493 2290 1577 significatur
2342 1493 2635 1556 bonum:

402 1586 649 1649 dicitur
693 1590 901 1651 etiam
952 1590 1175 1653 “date
1217 1589 1794 1671 eleemosynam,”
1841 1600 1912 1653 et
1966 1609 2084 1671 per
2139 1586 2325 1650 illam
2381 1584 2638 1667 signifi-

402 1691 600 1743 catur
622 1701 817 1746 amor
845 1694 919 1747 et
950 1682 1289 1761 charitas3
1337 1705 1429 1748 ex
1460 1684 1593 1747 illis
1625 1692 1842 1767 patet,
1870 1683 2052 1767 quod
2083 1681 2399 1765 quicquid
2431 1680 2642 1745 homo

402 1774 565 1839 facit
624 1796 717 1839 ex
784 1777 935 1841 solo
993 1788 1311 1854 externe,
1372 1780 1795 1868 immundum
1855 1780 1965 1851 sit,
2028 1788 2102 1840 at
2168 1774 2484 1858 quicquid
2551 1775 2644 1838 ab

402 1870 679 1933 interno
738 1882 1031 1953 purgato
1088 1873 1253 1937 facit
1311 1894 1431 1956 per
1488 1882 1879 1947 externum,
1944 1870 2270 1935 mundum
2329 1870 2442 1941 sit,
2504 1867 2636 1932 hoc

404 1965 583 2027 enim
615 1986 659 2027 a
691 1965 991 2029 Domino
1022 1975 1151 2041 est,
1186 1967 1351 2031 illud
1384 1979 1615 2032 autem
1648 1970 1737 2031 ab
1767 1967 2082 2031 homine:
2131 1965 2250 2027 sed
2284 1964 2462 2027 hanc
2494 1982 2640 2026 rem

404 2060 613 2122 etiam
676 2060 999 2143 exempla
1050 2061 1414 2125 illustrent.
1526 2063 1880 2127 Internum
1939 2070 2047 2124 est
2107 2059 2362 2121 bonum
2414 2057 2640 2121 facere

408 2164 689 2235 propter
712 2155 989 2230 bonum,
1016 2176 1252 2221 verum
1284 2156 1467 2241 loqui
1492 2167 1770 2240 propter
1795 2176 2048 2229 verum,
2077 2156 2412 2218 sincerum
2437 2172 2644 2234 agere

406 2259 689 2330 propter
742 2250 1103 2325 sincerum,
1151 2260 1223 2314 et
1271 2250 1527 2333 justum
1580 2252 1802 2315 facere
1857 2260 2135 2334 propter
2171 2248 2469 2329 justum:
2530 2247 2646 2330 qui

404 2342 663 2405 bonum
708 2342 873 2405 facit
918 2354 1198 2426 propter
1242 2345 1517 2419 bonum,
1556 2346 1613 2408 is
1660 2346 1913 2407 bonurn
1958 2343 2118 2407 facit
2165 2362 2256 2407 ex
2303 2342 2508 2416 bone,
2547 2342 2646 2404 ita

402 2456 493 2499 ex
528 2436 855 2507 Domino,
880 2438 993 2519 qui
1024 2448 1131 2502 est
1164 2439 1385 2521 ipsum
1418 2438 1708 2521 Bonum,
1736 2448 1808 2502 et
1841 2458 1932 2501 ex
1963 2458 2099 2521 quo
2124 2455 2327 2500 omne
2347 2435 2643 2512 bonum3

402 2532 515 2613 qui
563 2551 799 2595 verum
848 2530 1143 2614 loquitur
1186 2543 1467 2616 propter
1510 2553 1768 2608 verum,
1815 2532 1870 2595 is
1923 2551 2160 2595 verum
2212 2530 2510 2613 loquitur
2553 2549 2646 2593 ex

404 2645 591 2699 vere,
640 2627 739 2688 ita
790 2644 884 2689 ex
940 2625 1263 2701 Domino,
1308 2628 1421 2710 qui
1476 2635 1584 2691 est
1637 2628 1856 2710 ipsum
1911 2626 2192 2699 Verum,
2241 2634 2312 2689 et
2367 2645 2458 2687 ex
2511 2644 2646 2707 quo

404 2738 611 2783 omne
636 2739 909 2783 verum:
958 2721 1268 2785 similiter
1293 2722 1405 2803 qui
1436 2723 1771 2785 sincerum
1803 2722 1950 2803 agit
1981 2730 2260 2803 propter
2284 2721 2643 2794 sincerum,

404 2824 477 2878 et
506 2814 771 2895 justum
818 2814 979 2878 facit
1026 2825 1308 2898 propter
1337 2814 1617 2895 justum,
1657 2836 1817 2879 nam
1855 2816 2192 2879 sincerum
2235 2823 2344 2878 est
2391 2814 2646 2877 bonum

404 2918 475 2971 et
508 2928 751 2971 verum
784 2908 1062 2983 morale,
1094 2920 1168 2973 et
1190 2909 1451 2991 justum
1482 2920 1591 2973 est
1622 2910 1878 2975 bonum
1913 2919 1986 2973 et
2018 2928 2252 2971 verum
2283 2907 2480 2972 civile
2509 2928 2525 2985 ς
2572 2917 2646 2971 et

406 3022 612 3067 omne
653 3004 907 3066 bonum
946 3012 1017 3067 et
1053 3024 1285 3067 verum
1324 3014 1432 3069 est
1477 3025 1519 3067 a
1566 3004 1886 3079 Domino,
1925 3013 1998 3067 et
2035 3022 2172 3066 non
2219 3004 2308 3065 ab
2344 3002 2644 3077 homine,

404 3099 563 3181 quia
600 3096 772 3161 fiunt
809 3118 901 3161 ex
940 3098 1211 3161 interno
1247 3118 1366 3180 per
1402 3108 1790 3161 externum.
1879 3097 1982 3162 At
2029 3098 2084 3160 si
2130 3097 2341 3160 homo
2377 3096 2538 3161 facit
2575 3105 2647 3160 et

406 3191 711 3273 loquitur
765 3191 1041 3265 bonum,
1096 3209 1355 3266 verum,
1411 3192 1748 3255 sincerum
1801 3201 1875 3255 et
1921 3191 2178 3272 justum
2233 3199 2512 3273 propter
2571 3211 2646 3254 se

406 3297 479 3351 et
526 3286 883 3356 mundum,
922 3284 1085 3349 facit
1131 3295 1204 3350 et
1250 3284 1548 3367 loquitur
1584 3284 1702 3349 illa
1747 3306 1836 3349 ex
1883 3306 1978 3361 se,
2019 3286 2175 3367 quia
2219 3284 2306 3347 ab
2351 3295 2648 3348 externo

406 3380 691 3443 homine
722 3379 979 3461 absque
1010 3380 1321 3455 intern03
1368 3390 1441 3442 et
1477 3378 1597 3442 illa
1626 3376 1806 3443 fae'ta
1835 3399 1955 3442 seu
1992 3398 2198 3461 opera
2228 3387 2387 3442 sunt
2419 3378 2651 3439 omnia

408 3473 617 3547 mala,
657 3482 729 3537 et
770 3474 825 3535 si
871 3475 939 3537 in
986 3473 1118 3537 illis
1155 3469 1504 3555 spectatur
1538 3472 1828 3547 caelum,
1869 3482 2028 3535 sunt
2066 3473 2435 3545 meritoria,
2473 3491 2649 3553 quae

410 3569 641 3633 omnia
678 3576 840 3630 sunt
876 3568 1125 3651 iniqua.
1215 3564 1443 3649 Opera
1486 3565 1603 3630 illa
1651 3586 1810 3629 num
1857 3568 1994 3631 sint
2041 3587 2130 3629 ex
2175 3565 2496 3639 Domino,
2539 3564 2648 3627 vel

410 3681 574 3725 num
612 3682 705 3725 ex
742 3660 1041 3737 homine,
1077 3680 1215 3724 non
1254 3661 1565 3742 dignosci
1602 3670 1835 3743 potest
1874 3662 1963 3723 ab
1997 3660 2225 3741 aliquo
2261 3660 2328 3722 in
2367 3659 2646 3733 mundO,

408 3758 730 3839 quoniam
779 3765 1061 3837 utraque
1106 3765 1441 3837 apparent
1488 3754 1734 3818 similia
1785 3755 1853 3817 in
1899 3764 2193 3817 externa
2238 3753 2475 3829 forma,
2525 3754 2647 3816 sed

408 3850 629 3915 solum
670 3850 1164 3931 dignoscuntur
1199 3870 1241 3913 a
1283 3848 1623 3927 Domino;
1679 3858 1753 3913 at
1800 3858 1962 3933 post
1999 3848 2212 3912 vitam
2251 3846 2546 3912 hominis
2581 3850 2650 3913 in

410 3945 688 4019 munde,
729 3945 1032 4026 aperitur
1066 3964 1159 4007 ex
1195 3964 1333 4027 qua
1367 3944 1629 4025 origine
1667 3953 1829 4007 sunt

563 4076 783 4139 (Mami.
806 4092 857 4127 x.
883 4076 961 4139 26,
987 4088 1079 4139 27:
1116 4078 1286 4128 Marc.
1312 4076 1383 4127 iv,
1407 4088 1501 4128 22:
1536 4076 1664 4126 Luc.
1689 4076 1799 4127 viii.
1829 4087 1923 4138 173
1957 4090 2073 4140 cap.
2098 4076 2186 4128 xii.
2213 4088 2259 4137 2,
2285 4088 2331 4138 3,
2355 4076 2402 4136 8,
2427 4074 2494 4139 9).

532 4210 909 4294 Quomodo
944 4221 1175 4276 autem
1220 4208 1479 4275 homini
1524 4211 1728 4275 datur
1761 4210 2126 4285 internum,
2166 4218 2238 4275 et
2283 4218 2652 4275 externum

404 4304 493 4369 ab
520 4305 826 4377 interne,
853 4302 1168 4365 videatur
1193 4321 1397 4384 supra
1428 4316 1500 4377 (n.
1518 4314 1768 4383 79ο[ι]).
1833 4300 1949 4364 Ex
1980 4299 2086 4364 his
2117 4320 2294 4365 nunc
2327 4310 2650 4364 constare

404 4405 665 4481 potest,
716 4394 773 4457 si
819 4393 1029 4457 homo
1072 4392 1393 4476 impleret
1439 4394 1671 4457 omnia
1715 4393 1890 4475 legis
1942 4414 2033 4457 ex
2078 4413 2173 4468 se,
2223 4401 2296 4456 ut
2351 4393 2408 4455 si
2453 4393 2652 4456 daret

404 4488 627 4555 multa
656 4488 1090 4573 pauperibus,
1117 4488 1173 4550 si
1204 4488 1458 4551 bonum
1491 4486 1748 4551 faceret
1782 4486 2054 4570 pupillis
2085 4495 2156 4551 et
2182 4485 2420 4561 viduis,
2449 4504 2652 4567 opem

402 4586 607 4652 ferret
665 4584 929 4667 egenis,
977 4583 1187 4647 immo
1240 4583 1299 4645 si
1349 4582 1546 4647 daret
1600 4581 2054 4647 esurientibus
2105 4579 2326 4657 edere,
2375 4588 2650 4663 potaret
