3259 5384
665 642 826 708 2288
1241 691 1250 696 .
1281 651 1786 706 APOCALYPsls
1834 655 2287 707 sxPLch‘rA.

659 826 964 892 articulis
1019 845 1185 892 mox
1246 825 1728 911 sequentibus:
1798 849 1891 891 ex
1952 827 2193 911 quibus
2252 835 2449 910 patet
2510 826 2691 911 quod
2753 846 2911 891 cum

664 921 1024 986 “cornua”
1055 921 1251 1004 hujus
1289 924 1550 988 bestiae
1585 921 1975 1004 significant
2010 923 2397 1006 potentiam
2430 922 2911 1006 persuadendi,

662 1014 906 1080 “duo”
958 1015 1532 1099 conjunstionem,
1589 1026 1661 1080 et
1714 1016 2071 1099 “Agnus”
2119 1016 2513 1090 Dominum,
2569 1027 2735 1081 tunc
2790 1039 2915 1101 per

657 1111 839 1194 quod
885 1109 1178 1176 '“bestia
1238 1112 1408 1176 haec
1470 1113 1759 1177 haberet
1820 1112 1959 1176 duo
2021 1132 2274 1175 cornua
2336 1111 2581 1178 similia
2635 1111 2915 1195 Agno,”

657 1205 1078 1286 significetur
1103 1209 1420 1290 potentia
1445 1207 1899 1291 persuadendi
1934 1203 2484 1288 conjunGtionem
2518 1205 2675 1270 fidei
2708 1227 2913 1291 sepa·

657 1310 850 1363 ratae
901 1321 942 1364 a
995 1301 1140 1365 vita
1195 1321 1350 1366 cum
1398 1300 1653 1376 Verb0,
1714 1301 1886 1364 sicut
1941 1321 1982 1364 a
2037 1300 2355 1364 Domino.
2449 1298 2653 1384 Quod
2706 1323 2914 1388 super

657 1395 883 1477 capite
923 1395 1116 1477 hujus
1155 1396 1419 1460 bestiae
1458 1397 1604 1458 visa
1652 1396 1787 1459 sint
1829 1395 2050 1458 solum
2088 1395 2224 1458 duo
2271 1414 2545 1468 cornua,
2585 1405 2661 1459 at
2706 1417 2913 1478 super

656 1490 882 1571 capite
935 1489 1200 1554 bestiae
1253 1491 1492 1572 prioris
1547 1489 1791 1552 decem
1848 1509 2122 1564 cornua,
2180 1496 2288 1552 est
2346 1489 2503 1571 quia
2554 1490 2675 1571 pe‘r
2726 1489 2911 1554 hanc

657 1582 950 1646 bestiam
978 1583 1450 1666 significantur
1473 1581 2031 1648 confirmationes
2064 1603 2157 1646 ex
2185 1582 2444 1657 Verb0,
2472 1593 2544 1648 et
2574 1583 2645 1648 in
2670 1582 2915 1650 Verbo

656 1684 764 1741 est
803 1678 1190 1760 conjugium
1237 1679 1398 1742 boni
1443 1686 1516 1743 et
1562 1680 1725 1754 veri,
1766 1689 1837 1742 et
1886 1678 2017 1742 hoc
2058 1677 2445 1760 conjugium
2484 1677 2913 1759 significatur

655 1791 776 1855 per
817 1774 1010 1836 “duo
1035 1772 1102 1851 ;”
1147 1773 1307 1840 inde
1345 1775 1556 1838 etiam
1589 1794 1847 1838 cornua
1884 1783 2081 1838 erant
2114 1775 2262 1836 visa
2298 1773 2599 1836 “similia
2632 1771 2911 1856 Agn0,”

653 1869 809 1949 quia
852 1888 974 1951 per
1015 1867 1406 1950 “Agnum”
1443 1867 1855 1950 intelligitur
1894 1867 2251 1942 Dominus-3,
2293 1867 2405 1932 hic
2452 1867 2679 1951 quoad
2726 1867 2911 1932 Ver·

654 1961 855 2040 bum;
911 1965 1093 2046 quod
1143 1963 1478 2027 Dominus
1513 1964 1741 2046 quoad
1783 1963 2106 2028 Divinum
2148 1961 2545 2027 Humanum
2582 1982 2779 2026 suum
2816 1964 2912 2028 sit

653 2053 982 2132 Verbum,
1016 2057 1151 2122 hoc
1196 2068 1328 2132 est,
1379 2057 1703 2121 Divinum
1752 2051 2035 2132 Verum,
2084 2055 2343 2141 apertis
2390 2058 2615 2122 verbis
2658 2057 2912 2122 dicitur

652 2152 833 2234 apud
869 2150 1276 2228 Jokannem,
1318 2172 1587 2236 nempe,

1154 2307 1312 2372 Quod
1337 2307 1575 2360 Verbum
1601 2306 1746 2356 Caro
1770 2304 1972 2358 laetum
1998 2308 2069 2358 sit
2092 2308 2227 2370 (cap.
2252 2307 2283 2357 i.
2313 2307 2409 2370 14).
2437 2326 2440 2328 >

654 2435 894 2519 Qualis
947 2440 1265 2522 potentia
1319 2438 1775 2522 persuadendi
1829 2449 1900 2502 et
1956 2436 2404 2503 confirmandi
2450 2440 2909 2523 quodcunque

652 2532 1072 2597 haereticum
1125 2553 1218 2598 ex
1265 2532 1524 2609 Verbo,
1573 2544 1817 2597 notum
1864 2543 1971 2597 est
2028 2533 2094 2596 in
2151 2532 2316 2598 orbe
2371 2532 2767 2598 Christiano
2814 2556 2909 2598 ex

651 2637 760 2690 tot
808 2627 899 2689 ibi
944 2627 1359 2702 haeresibus,
1400 2647 1687 2710 quarum
1734 2628 2149 2710 unaquaevis
2196 2626 2641 2692 confirmatur
2685 2638 2760 2692 et
2809 2631 2909 2693 sic

652 2720 1100 2803 persuadetur
1135 2742 1227 2784 ex
1266 2741 1470 2785 sensu
1509 2722 1785 2786 litterae
1824 2720 2076 2785 Verbi:
2136 2741 2343 2786 causa
2388 2732 2497 2786 est
2544 2725 2699 2805 quia
2747 2743 2909 2787 sen-

651 2835 765 2877 sus
817 2813 1092 2880 litterae
1146 2813 1358 2880 Verbi
1413 2825 1522 2879 est
1577 2817 1951 2880 secundum
2006 2825 2289 2899 captum
2344 2816 2775 2898 simplicium,
2834 2829 2910 2883 et

650 2910 806 2973 ideo
850 2909 1167 2974 consistit
1213 2911 1441 2994 quoad
1487 2911 1779 2974 multam
1817 2921 2087 2994 partem
2132 2931 2225 2974 ex
2262 2913 2681 2993 apparentiis
2722 2915 2910 2991 veri;

651 3015 722 3068 et
759 3005 1206 3088 apparentiae
1241 3006 1382 3068 veri
1421 3005 1602 3069 tales
1640 3016 1801 3070 sunt
1851 3016 1924 3068 ut
1974 3005 2156 3069 trahi
2203 3007 2471 3088 possint
2518 3007 2606 3068 ad
2656 3006 2909 3071 confir-

651 3101 976 3163 mandum
1013 3118 1217 3164 omne
1254 3101 1437 3183 quod
1483 3121 1524 3164 a
1569 3100 1869 3184 quodam
1914 3120 2036 3183 pro
2076 3101 2405 3183 principio
2444 3100 2793 3182 religionis
2833 3113 2910 3166 et

651 3195 809 3257 inde
855 3191 1206 3258 doetrinae
1249 3197 1639 3270 assumitur,
1681 3195 1779 3259 ita
1824 3215 2095 3278 quoque
2140 3194 2429 3272 salsum3
2485 3207 2911 3278 quapropter

649 3287 747 3352 illi
791 3291 904 3371 qui
951 3290 1172 3371 ipsum
1218 3291 1588 3371 genuinum
1633 3309 1868 3354 verum
1917 3301 2182 3373 ponunt
2230 3290 2297 3352 in
2345 3289 2497 3354 solo
2534 3310 2738 3354 sensu
2790 3291 2910 3355 lit-

647 3394 842 3448 terae
879 3382 1113 3460 Verbi,
1154 3384 1554 3448 hallucinari
1592 3395 1883 3468 possunt
1924 3387 1989 3448 in
2032 3385 2285 3461 multiS‚
2324 3387 2382 3448 si
2430 3405 2565 3448 non
2604 3387 2671 3448 in
2712 3384 2910 3450 illus-

647 3480 952 3543 tratione
1004 3481 1141 3543 sint
1193 3499 1236 3542 a
1289 3479 1608 3555 Domino,
1666 3490 1737 3544 et
1794 3481 1861 3543 in
1916 3480 2035 3543 illa
2088 3477 2493 3554 doetdnam,
2549 3501 2725 3564 quae
2780 3501 2912 3564 pro

580 3578 588 3584 '
649 3574 927 3638 lucerna
963 3576 1074 3650 sit,
1117 3576 1243 3638 sibi
1280 3575 1572 3638 faciant:
1630 3576 1700 3640 in
1738 3595 1943 3638 sensu
1986 3575 2259 3640 litterae
2299 3574 2513 3640 Verbi
2554 3586 2713 3639 sunt
2756 3586 2909 3640 tam

652 3670 834 3732 nuda
886 3689 1070 3745 vera,
1117 3689 1321 3752 quarn
1373 3669 1703 3734 investita
1755 3691 1955 3747 vera;
2023 3670 2193 3734 haec
2248 3681 2409 3734 sunt
2458 3672 2911 3753 apparentiae

649 3765 814 3839 veri,
847 3773 918 3828 et
955 3766 1400 3847 apparentiae
1437 3765 1578 3829 veri
1617 3784 1756 3828 non
1795 3765 1997 3829 aliter
2036 3773 2325 3847 possunt
2365 3764 2660 3846 intelligi
2697 3785 2909 3847 quam

652 3879 743 3922 ex
791 3859 959 3922 locis
1005 3859 1095 3923 ibi
1141 3860 1252 3924 ubi
1297 3861 1480 3924 nuda
1523 3881 1685 3924 vera
1732 3871 2042 3933 exstant,
2084 3881 2175 3924 ex
2224 3859 2469 3942 quibus
2506 3857 2823 3922 doeh-ina
2866 3880 2911 3924 a

654 3951 956 4016 Domino
991 3954 1173 4036 apud
1206 3954 1622 4020 illustratum
1656 3957 1928 4020 formari
1960 3965 2217 4038 potest,
2252 3964 2327 4018 et
2368 3953 2625 4036 reliqua
2656 3973 2909 4018 secun·

649 4044 814 4110 dum
859 4047 1048 4112 illam
1095 4051 1464 4133 explicari;
1521 4051 1681 4116 inde
1724 4062 1856 4126 est,
1900 4051 2080 4134 quod
2128 4049 2242 4134 qui
2292 4048 2595 4113 Verbum
2643 4049 2909 4132 absque

653 4139 964 4206 doetrina
1011 4143 1274 4227 legunt,
1315 4147 1382 4209 in
1431 4146 1847 4230 multiplices
1895 4165 2155 4210 errores
2196 4143 2603 4208 auferantur.
2698 4141 2909 4226 Quod

653 4235 958 4304 Verbum
1005 4241 1104 4304 ita
1148 4243 1611 4324 conscriptum
1659 4243 1771 4316 sit,
1820 4252 1929 4306 est
1978 4261 2203 4316 causa,
2252 4251 2329 4304 ut
2386 4238 2553 4303 illud
2598 4240 2691 4304 sit
2736 4257 2909 4302 con-

645 4331 906 4412 junetio
935 4335 1108 4398 caeli
1142 4354 1294 4399 cum
1321 4337 1597 4401 homine
1624 4358 1641 4414 ;
1688 4347 1760 4400 et
1794 4333 2183 4417 conjunetio
2206 4345 2337 4408 est,
2364 4335 2524 4418 quia
2556 4353 2905 4416 unaquae-

651 4428 752 4490 vis
789 4449 930 4492 vox
968 4429 1080 4506 ibi,
1119 4440 1190 4494 et
1235 4433 1302 4494 in
1341 4433 1746 4514 quibusdam
1788 4431 1954 4494 locis
1992 4431 2409 4513 unaquaevis
2447 4429 2703 4503 littera,
2746 4447 2901 4492 sen·

651 4543 800 4586 sum
839 4524 1282 4607 spiritualem,
1323 4527 1390 4588 in
1429 4546 1564 4608 quo
1601 4537 1762 4589 sunt
1800 4526 2052 4608 angeli,
2092 4526 2449 4601 eontinet;
2496 4543 2709 4607 quare
2746 4540 2899 4588 eum

651 4618 862 4682 homo
915 4619 1221 4686 Verbum
1275 4622 1649 4686 secundum
1703 4620 1845 4704 ejus
1898 4621 2339 4705 apparentias
2392 4621 2533 4684 veri
2586 4619 2896 4703 percipit„
