3259 5384
836 698 993 750 CAP.
1031 699 1184 761 κη,
1221 699 1428 750 vmzs.
1465 699 1684 766 3.-Ν.
1718 685 1989 771 714[d].
2372 687 2527 770 1961

293 871 601 954 ligantur
644 869 829 934 tales
875 879 1248 952 serpentes»,
1289 869 1354 933 in
1401 869 1639 935 Verbo
1684 869 2151 952 significentur
2194 871 2535 936 sensualia

295 985 432 1030 non
479 965 663 1029 mala
686 985 704 1044 ;
760 984 882 1027 seu
927 963 1268 1047 applicate
1313 965 1402 1027 ad
1440 983 1789 1047 personas,
1831 964 2143 1028 homines
2181 966 2534 1030 sensuales

293 1081 430 1123 non
477 1058 661 1122 mali.
756 1055 960 1140 Quod
1013 1058 1254 1122 eadem
1307 1077 1478 1122 voce
1529 1059 1598 1121 in
1653 1058 1887 1140 lingua
1942 1058 2261 1123 Hebraea
2314 1061 2535 1123 nomi-

295 1164 544 1218 nentur
575 1152 912 1218 dracones
942 1171 1077 1236 qua
1111 1151 1290 1216 tales
1321 1162 1699 1236 serpenteS,
1733 1163 2055 1217 constare
2085 1162 2321 1237 potest
2352 1153 2535 1237 apud

289 1247 546 1324 Mosen,

403 1391 545 1442 Cum
579 1391 630 1442 ei
663 1391 977 1442 mandatum
1013 1400 1098 1442 est
1137 1406 1168 1441 e
1202 1393 1339 1442 rubo
1373 1391 1637 1457 projicere
1670 1391 1917 1443 baculum
1952 1407 2111 1444 suum
2145 1393 2199 1444 in
2236 1403 2449 1450 terram.
2484 1403 2539 1444 et

555 1457 698 1521 quod
716 1471 838 1506 cum
855 1471 1042 1506 versus
1062 1458 1217 1506 estin
1239 1467 1564 1520 serpentem,
1583 1457 1769 1507 Moses
1789 1458 2142 1520 prehenderet
2159 1457 2383 1507 caudam
2402 1459 2521 1522 ejus

555 1537 622 1572 ex
645 1537 754 1588 quo
777 1520 924 1572 ίεὲὶο
947 1537 1172 1586 serpens
1196 1537 1448 1573 reversus
1470 1532 1556 1573 est
1579 1523 1635 1572 in
1660 1523 1905 1572 baculum
1930 1523 2117 1584 (Exod.
2142 1523 2212 1574 iv.
2237 1535 2284 1584 3,
2307 1523 2393 1586 4);

292 1656 365 1712 et
403 1655 672 1730 postea,

404 1770 566 1835 Quod
602 1770 789 1820 Moses
821 1771 1114 1834 sumpserit
1147 1770 1412 1830 baculum,
1452 1779 1508 1819 et
1541 1770 1828 1833 projecerit
1862 1785 1985 1820 eum
2020 1780 2147 1820 ante
2185 1770 2538 1824 Pharaonem.

557 1837 700 1900 quod
725 1833 900 1885 factus
924 1837 994 1884 sit
1019 1836 1072 1884 in
1098 1845 1405 1898 serpentem
1433 1836 1780 1895 (draconem),
1804 1846 1859 1885 et
1883 1837 2025 1899 quod
2050 1837 2193 1898 magi
2218 1837 2392 1886 simile
2417 1851 2538 1886 cum

559 1902 674 1950 suis
691 1901 895 1950 baculis
913 1901 1169 1960 feceriut;
1199 1902 1296 1950 sed
1320 1901 1460 1963 quod
1481 1901 1703 1950 baculus
1726 1901 1915 1961 Mosis,
1935 1911 2061 1950 tunc
2078 1917 2301 1964 serpens
2320 1901 2537 1964 (draco),

557 1967 903 2028 deglutiverit
946 1965 1166 2016 baculos
1213 1976 1494 2028 serpentes
1537 1965 1843 2030 (dracones)
1887 1981 2168 2030 magorum
2220 1967 2407 2030 (Exod.
2449 1967 2539 2019 vii.

557 2032 710 2096 9-12)
726 2047 740 2084 ε

295 2195 582 2258 serpens
625 2175 694 2238 in
740 2174 943 2257 priori
989 2173 1145 2236 loco
1189 2173 1322 2236 alia
1366 2193 1538 2238 voce
1585 2173 1652 2236 in
1698 2167 1932 2256 lingua
1969 2172 2281 2256 originali
2318 2175 2539 2237 nomi-

295 2279 503 2332 natur
521 2287 728 2351 quam
761 2270 828 2331 in
862 2269 1238 2350 posteriore
1264 2289 1280 2346 ;
1327 2269 1394 2330 in
1429 2269 1631 2349 priori
1665 2268 1819 2331 loco
1845 2269 2234 2331 nominatur
2258 2288 2538 2350 serpens

296 2363 645 2426 communi
683 2381 852 2426 voce
897 2382 1030 2444 qua
1075 2362 1235 2425 alibi
1280 2363 1346 2425 in
1396 2361 1635 2426 Verbo
1678 2380 1979 2444 serpenS,
2021 2362 2141 2425 sed
2190 2363 2256 2425 in
2303 2372 2539 2444 poste-

297 2458 475 2522 riore
520 2456 678 2520 loco
722 2475 892 2518 voce
937 2476 1069 2538 qua
1115 2457 1505 2519 nominatur
1543 2456 1793 2530 draco;
1850 2457 1945 2518 sic
1992 2465 2068 2518 ut
2105 2457 2543 2538 interpretari

297 2551 508 2614 etiam
542 2549 770 2622 liceat,
797 2549 978 2631 quod
1003 2548 1284 2612 baculus
1317 2549 1530 2612 Mosis
1563 2545 1903 2631 projeetus
1927 2568 2156 2612 coram
2186 2549 2541 2614 Pharaone

297 2663 671 2708 conversus
701 2644 790 2706 sit
822 2644 888 2705 in
921 2643 1331 2706 draconem:
1381 2663 1472 2706 ex
1505 2662 1589 2706 eo
1620 2643 1927 2724 sequitur
1956 2643 2137 2725 quod
2171 2664 2291 2726 per
2324 2644 2539 2707 “dra-

297 2757 544 2802 eonem
565 2737 599 2762 ”
634 2757 850 2819 aeque
885 2756 966 2800 ac
1013 2757 1132 2818 per
1175 2743 1624 2818 “serpentem
1641 2735 1673 2762 ’³
1708 2739 1777 2800 in
1823 2737 2006 2800 bono
2043 2758 2247 2800 sensu
2284 2737 2541 2820 signifi-

297 2843 495 2896 cetur
539 2829 876 2906 sensuale,
915 2830 1097 2914 quod
1145 2840 1252 2894 est
1299 2831 1614 2894 ultimum
1662 2830 1992 2894 naturalis
2039 2831 2355 2908 hominis,
2404 2852 2541 2896 non

299 2925 556 2989 malum
605 2945 723 2988 seu
770 2943 907 2988 non
945 2924 1384 2988 malitiosum.
1477 2924 1556 2988 In
1604 2925 1858 2988 mitiori
1904 2924 2036 2988 hoc
2082 2945 2287 2988 sensu
2331 2927 2543 2990 etiam

306 3021 751 3084 nominantur
791 3020 1183 3083 “dracones
1199 3018 1231 3044 ''
1269 3019 1448 3102 apud
1487 3017 1796 3094 Esaiam,

400 3162 756 3214 “Honorabit
786 3161 876 3212 Me
910 3162 1027 3212 fera
1059 3162 1192 3225 agri,
1221 3162 1482 3239 dracones
1510 3170 1565 3211 et
1593 3162 1735 3212 filiae
1762 3157 2009 3221 noctuae,
2038 3176 2105 3211 eo
2132 3162 2277 3226 quod
2304 3162 2543 3213 dederim

565 3229 619 3277 in
641 3229 857 3278 deserto
873 3243 1059 3292 aquas,
1073 3228 1268 3278 fluvios
1286 3227 1342 3278 in
1361 3227 1753 3288 sohtudine,ad
1772 3228 2068 3292 potandum
2084 3229 2344 3291 populum
2362 3243 2543 3278 meum

564 3291 796 3344 electum
813 3292 842 3313 ’⁹
864 3293 1012 3356 (xliii.
1038 3295 1122 3356 20)
1139 3307 1154 3355 ;

309 3425 382 3480 et
421 3416 602 3500 apud
639 3415 1034 3491 Jmmiam,

403 3543 434 3566 ‘⁴
447 3540 626 3591 Cerva
647 3540 703 3590 in
721 3555 854 3602 agro
871 3541 1092 3604 peperit,
1112 3541 1208 3589 sed
1227 3540 1578 3604 relinquendo
1596 3541 1724 3604 quia
1746 3554 1855 3589 non
1876 3539 1976 3590 fuit
1992 3555 2214 3604 gramen
2236 3554 2249 3600 ς
2284 3549 2337 3590 et
2355 3543 2547 3604 onagri

565 3615 830 3655 steterunt
864 3621 1026 3668 super
1056 3606 1299 3661 collibus,
1327 3605 1649 3655 anhelarunt
1683 3617 1903 3654 ventum
1939 3607 2077 3655 sicut
2110 3607 2389 3667 dracones,
2417 3622 2549 3657 con-

565 3672 766 3736 sumpti
790 3681 917 3721 sunt
938 3671 1082 3720 oculi
1103 3685 1308 3729 eorum,
1331 3671 1478 3736 quod
1500 3685 1612 3720 non
1636 3671 1805 3720 herba
1820 3669 1849 3690 ”
1872 3670 1997 3734 (xiv.
2026 3667 2123 3736 [5,]
2148 3672 2233 3734 6):

307 3815 375 3878 in
407 3814 516 3878 his
552 3812 722 3877 locis
756 3812 1149 3878 “dracones
1164 3811 1198 3839 ’⁹
1227 3814 1472 3877 eadem
1501 3832 1673 3877 voce
1706 3814 2145 3877 nominantur
2175 3835 2309 3897 qua
2344 3819 2545 3879 “ser-

305 3919 552 3992 pentes
571 3907 605 3934 ’'
657 3908 726 3972 in
785 3927 1059 3990 genere,
1115 3918 1187 3972 et
1247 3928 1517 3991 quoque
1575 3907 1819 3971 eadem
1878 3928 2047 3971 voce
2107 3909 2549 3973 nominantur

309 4005 502 4068 “ceti
518 4003 551 4028 ”
587 4004 657 4067 in
704 4005 893 4078 mari,
935 4024 1053 4085 per
1096 4022 1268 4086 quos
1305 4004 1516 4067 etiam
1553 4001 1774 4066 simile
1812 4001 2255 4084 significatur,
2297 4022 2547 4086 nempe

307 4097 621 4162 naturale
666 4096 962 4160 hominis
1005 4097 1074 4159 in
1119 4096 1487 4172 communi,
1536 4096 1719 4180 quod
1766 4106 1875 4160 est
1921 4095 2278 4174 sensuale3
2339 4117 2548 4180 quare

305 4191 374 4255 in
417 4191 783 4276 posteriori
838 4190 993 4254 loco
1045 4192 1256 4255 etiam
1311 4190 1749 4274 interpretari
1804 4189 1991 4268 licet,
2044 4189 2546 4255 “Anhelarunt

309 4297 591 4350 ventum
630 4287 807 4350 sicut
846 4283 1041 4350 ceti.”

411 4433 698 4498 (Similiter
729 4431 873 4496 apud
905 4430 1143 4491 Esaiam,
1178 4444 1292 4494 cap.
1327 4431 1381 4482 li.
1416 4445 1481 4495 9:
1520 4431 1665 4493 apud
1700 4430 1997 4496 Jmmiam,
2025 4444 2139 4492 cap.
2172 4429 2228 4480 li.
2264 4441 2363 4490 3⁴:
2401 4429 2546 4492 apud

563 4499 900 4559 Ezechielem,
923 4512 1039 4561 cap.
1064 4498 1207 4546 xxix.
1233 4509 1278 4558 3,
1300 4510 1335 4558 4
1355 4510 1368 4556 ;
1404 4505 1459 4546 et
1481 4497 1624 4560 apud
1648 4495 1921 4555 Davidem,
1949 4495 2037 4546 Pa.
2062 4495 2223 4545 lxxiV.
2248 4491 2382 4556 1¹113,
2410 4493 2507 4556 14.)

269 4659 281 4672 ·
313 4637 480 4707 Sunt
517 4642 732 4707 etiam
769 4639 1084 4704 homines
1122 4657 1305 4703 mere
1343 4635 1695 4703 sensuales
1731 4637 1846 4720 qui
1880 4637 2065 4700 boni.
