3259 5384
614 654 781 723 2092
1235 656 1738 711 APOCALYPSIS
1783 659 2238 715 EXPLICATA.

610 822 894 887 Domino
928 823 1254 891 salvandi
1280 826 1435 891 illos
1464 828 1588 909 qui
1618 827 1706 893 ab
1746 828 2012 895 ecclesia
2040 831 2272 911 Ipsius
2307 840 2468 895 sunt
2489 838 2628 913 per
2651 830 2846 895 Divi-

610 938 767 981 num
802 938 995 983 suum
1046 918 1112 983 V
1101 940 1308 996 erum,
1346 921 1469 1003 qui
1494 922 1692 987 corde
1723 932 1790 987 et
1819 924 2050 989 anima
2084 925 2164 989 id
2191 926 2534 1007 recepiant,
2574 936 2848 991 constat

608 1030 701 1077 ex
744 1012 1245 1094 significatione
1292 1015 1657 1092 “salutis,”
1699 1017 1886 1101 quod
1930 1020 2021 1085 sit
2065 1018 2360 1083 salvatio
2384 1041 2400 1098 ;
2458 1040 2548 1084 ex
2595 1018 2848 1103 signifi·

608 1106 881 1178 catione
921 1108 1391 1189 “potentiae,'’
1426 1110 1609 1193 quod
1657 1112 1746 1179 sit
1783 1112 1966 1195 quod
2013 1114 2258 1196 possit,
2295 1114 2398 1177 ita
2434 1112 2846 1196 possibilitas

608 1216 695 1277 (ιιι
714 1228 817 1275 qua
830 1218 1111 1282 nequitum
1174 1222 1267 1269 ex
1311 1204 1816 1287 significatione
1857 1208 2174 1291 “regni,”
2217 1209 2404 1292 quod
2449 1210 2540 1273 sit
2581 1209 2846 1273 caelum

607 1304 681 1361 et
723 1294 1021 1363 ecclesia
1062 1313 1149 1375 (de
1168 1328 1519 1375 quamn.
1544 1302 1650 1380 48.
1671 1301 1918 1383 1²1685›;
1967 1322 2062 1367 ex
2105 1302 2620 1384 significatione
2659 1302 2848 1367 “Dei

608 1392 884 1470 nostri,”
928 1395 1111 1477 quod
1156 1398 1248 1460 sit
1302 1396 1638 1463 Dominus
1683 1400 1908 1481 quoad
1959 1418 2155 1464 suum
2209 1400 2572 1477 Divinum;
2632 1408 2708 1463 et
2758 1418 2848 1464 ex

608 1486 1106 1568 significatione
1142 1493 1574 1573 “potestatis
1606 1491 1862 1559 Christi
1899 1493 2178 1576 Ipsius,”
2208 1494 2392 1577 quod
2427 1495 2516 1557 sit
2547 1492 2850 1557 efficacia

608 1579 833 1647 Divini
873 1580 1060 1660 Veri,
1108 1584 1209 1650 ita
1252 1604 1373 1667 per
1408 1584 1736 1651 Divinum
1776 1585 2056 1651 Verum.
2148 1586 2352 1669 Quod
2399 1608 2520 1669 per
2559 1586 2846 1652 “Chris-

606 1674 801 1741 tum’'
832 1676 1261 1760 intelligatur
1298 1678 1633 1745 Dominus
1669 1681 1898 1765 quoad
1943 1681 2265 1745 Divinum
2303 1682 2586 1756 Verum,
2621 1681 2850 1746 videa·

606 1780 717 1833 tur
740 1791 947 1855 supra
968 1790 1039 1849 (ιι.
1060 1772 1207 1853 684.
1224 1773 1379 1857 685)
1402 1796 1419 1853 ;
1456 1784 1529 1841 et
1552 1777 1739 1860 quod
1767 1783 1808 1813 ‘⁶
1827 1778 2204 1859 potestas‚”
2227 1796 2386 1841 cum
2409 1776 2498 1840 de
2523 1777 2846 1852 Domine,

605 1864 947 1947 significet
972 1867 1431 1935 salvationem
1455 1872 1732 1951 generis
1753 1871 2038 1935 humani
2061 1887 2246 1947 (supra.
2267 1901 2313 1934 ιι.
2338 1888 2530 1952 293);
2565 1880 2640 1934 et
2663 1870 2846 1953 quod
2957 1947 2964 1953 ‚

606 1973 921 2045 potestas
966 1963 1279 2031 salvandi
1325 1966 1625 2031 Domino
1671 1968 1762 2031 sit
1815 1989 1936 2050 per
1979 1968 2300 2033 Divinum
2345 1986 2541 2031 suum
2587 1966 2846 2031 Verum

605 2070 770 2129 (eum
796 2084 959 2131 supra,
981 2086 1031 2121 ιι.
1061 2074 1203 2137 333.
1224 2058 1420 2139 726);
1471 2068 1543 2123 et
1586 2060 1744 2141 quia
1789 2058 2128 2124 Dominus
2170 2078 2312 2123 non
2355 2060 2530 2123 alios
2573 2058 2848 2123 salvare

604 2162 840 2235 potest
886 2172 1093 2237 quam
1137 2154 1295 2219 illos
1340 2155 1452 2237 qui
1496 2156 1728 2221 anima
1773 2166 1844 2221 et
1891 2156 2097 2220 corde
2143 2158 2476 2239 recipiunt
2525 2155 2848 2219 Divinum

604 2248 865 2314 Verum
894 2249 983 2313 ab
1016 2249 1201 2331 Ipso.
1226 2250 1383 2315 ideo
1407 2249 1540 2315 hoc
1564 2251 1776 2315 etiam
1799 2250 2240 2333 significatur.
2333 2250 2503 2315 Inde
2527 2260 2850 2314 constare

602 2352 841 2426 potest
877 2344 1061 2427 quod
1098 2364 1215 2427 per
1250 2344 1509 2410 “Nunc
1546 2343 1728 2409 faeta
1755 2355 1864 2409 est
1903 2344 2088 2409 salus
2124 2355 2194 2409 et
2234 2345 2548 2427 potentia
2577 2353 2652 2407 et
2687 2364 2846 2425 reg·-

602 2458 767 2505 num
820 2439 951 2505 Dei
1004 2440 1249 2515 nostri,
1292 2448 1367 2505 et
1420 2449 1736 2521 potestas
1781 2438 2036 2505 Christi
2096 2438 2376 2521 Ipsius‚”
2428 2436 2853 2519 significetur

600 2534 785 2618 quod
822 2554 1001 2599 nunc
1040 2534 1355 2616 potentia
1392 2533 1693 2599 Domino
1729 2534 2038 2597 salvandi
2073 2533 2230 2597 illos
2267 2534 2380 2616 qui
2424 2534 2512 2597 ab
2557 2532 2854 2597 ecclesia

605 2628 825 2712 Ipsius
860 2639 1044 2705 sunt,
1078 2649 1198 2712 per
1230 2628 1551 2693 Divinum
1583 2648 1778 2693 suum
1811 2628 2092 2703 Verum,
2125 2629 2238 2711 qui
2268 2628 2474 2692 corde
2510 2636 2582 2691 et
2619 2629 2848 2691 anima

602 2724 671 2789 id
706 2724 1089 2806 recipiunt:
1134 2722 1404 2799 dicitur,
1442 2724 1556 2807 qui
1594 2724 1928 2805 recipiunt
1966 2724 2172 2788 corde
2207 2733 2280 2787 et
2318 2723 2566 2795 anima,
2605 2731 2682 2786 et
2727 2742 2850 2804 per

599 2820 671 2883 id
712 2817 1121 2901 intelligitur
1154 2836 1391 2883 amore
1422 2828 1499 2883 et
1544 2815 1702 2893 fide,
1739 2828 1886 2883 tum
1924 2818 2286 2882 voluntate
2331 2826 2403 2881 et
2449 2814 2847 2893 intellestm

601 2934 722 2997 per
756 2914 1111 2978 “animam
1126 2912 1160 2940 '’
1190 2913 1371 2977 enim
1408 2913 1477 2977 in
1508 2912 1768 2987 Verbo,
1803 2911 1916 2977 ubi
1949 2913 2198 2976 dicitur
2238 2912 2522 2975 “anima
2556 2922 2630 2975 et
2669 2910 2848 2987 cor‚’'

601 3006 1025 3091 significatur
1060 3006 1251 3084 fides,
1290 3016 1439 3071 tum
1476 3004 1896 3081 intelleetus,
1927 3015 2000 3071 et
2037 3027 2155 3089 per
2197 3005 2416 3070 “cor'’
2447 3025 2666 3079 amor,
2699 3015 2850 3069 tum

602 3102 968 3178 voluntas3
1016 3120 1176 3168 nam
1214 3101 1305 3165 ibi
1350 3120 1470 3183 per
1511 3101 1868 3165 “animam
1883 3100 1915 3125 ’⁸
1952 3102 2022 3163 in
2065 3120 2268 3164 sensu
2305 3098 2550 3163 ultimo
2586 3098 2848 3164 intelli-

602 3198 786 3279 gitur
822 3196 1179 3278 respiratio
1215 3194 1534 3271 hominiS,
1564 3216 1742 3277 quae
1776 3196 1988 3261 etiam
2027 3196 2301 3277 spiritus
2338 3193 2480 3275 ejus
2517 3202 2846 3271 vocatum

601 3310 809 3374 quare
874 3290 1123 3355 dicitur
1183 3289 1547 3354 “animare
1564 3288 1595 3313 ”
1655 3310 1782 3371 pro
1843 3289 2196 3371 respirare,
2257 3299 2403 3351 tum
2467 3290 2850 3353 “emittere

602 3384 949 3450 animam’'
992 3394 1065 3451 et
1108 3384 1479 3467 “spiritum
1497 3382 1529 3409 ’⁹
1565 3402 1722 3449 cum
1767 3384 2050 3449 moritur
2095 3382 2345 3447 homo:
2407 3383 2592 3466 quod
2635 3384 2852 3447 etiam

606 3478 939 3545 “anima'’
996 3477 1335 3562 significet
1402 3477 1630 3554 fidem,
1691 3486 1768 3543 ut
1833 3486 1904 3543 et
1972 3474 2424 3551 intelle-etum,
2481 3495 2562 3541 ac
2627 3476 2849 3543 “cor’'

604 3592 931 3649 amorem,
970 3584 1046 3639 ut
1091 3583 1167 3637 et
1202 3570 1659 3648 voluntatem,
1697 3580 1809 3637 est
1853 3592 1947 3637 ex
1981 3570 2632 3653 correspondentia;
2681 3570 2850 3637 fides

599 3670 782 3735 enim
831 3687 909 3733 sc
966 3665 1359 3733 intellefitus
1403 3666 1900 3748 correspondet
1945 3667 2344 3731 animationi
2391 3686 2510 3731 seu
2553 3667 2848 3749 respira-

602 3764 773 3831 tioni
819 3761 1241 3845 pulmonum,
1278 3780 1359 3827 ac
1396 3780 1593 3827 amor
1628 3771 1702 3827 et
1739 3760 2060 3825 voluntas
2098 3760 2590 3842 correspondet
2629 3760 2850 3825 motui

600 3874 679 3921 ac
738 3855 965 3939 pulsui
1012 3854 1243 3919 cordis
1298 3868 1385 3929 (de
1414 3880 1515 3928 qun
1544 3870 1972 3928 mandentia
2001 3868 2222 3915 vidntur
2253 3880 2414 3926 supra.
2447 3880 2494 3915 ιι.
2533 3851 2682 3931 167:
2721 3876 2776 3917 οι
2797 3868 2850 3913 ιιι

600 3962 809 4011 Amnis
840 3960 1135 4013 Caelestius.
1164 3973 1213 4007 ιι.
1242 3972 1379 4019 mo,
1400 3958 1694 4019 3883-0896.
1719 3960 1886 4019 9050).
1971 3942 2179 4023 Quod
2220 3948 2260 3974 ‘⁸
2281 3940 2483 4005 Nunc
2528 3940 2712 4009 faeta
2755 3943 2844 4009 Sit

600 4043 783 4111 salus
814 4050 886 4107 et
920 4042 1233 4123 potentia
1258 4039 1389 4105 Dei
1419 4038 1698 4117 nostri‚”
1723 4037 2062 4121 significat
2087 4039 2271 4121 quod
2303 4038 2639 4103 Dominus
2665 4058 2844 4106 nune

599 4137 816 4222 possit
855 4135 1143 4211 salvare,
1176 4136 1273 4201 sie
1312 4145 1387 4200 ut
1422 4133 1841 4217 “potentia'’
1872 4134 1964 4197 ibi
2001 4132 2342 4215 significet
2381 4132 2562 4216 quod
2601 4135 2843 4215 possit,

599 4236 701 4301 ita
736 4230 1289 4316 possibilitatem,
1328 4239 1437 4297 est
1474 4231 1631 4313 quia
1669 4228 2008 4293 Dominus
2050 4248 2188 4293 non
2235 4230 2536 4311 potuerit
2575 4228 2844 4297 salvare

598 4326 755 4393 illos
789 4327 903 4411 qui
948 4326 1037 4391 ab
1080 4323 1373 4389 ecclesia
1408 4324 1631 4406 Ipsius
1675 4324 1968 4399 fuerunt,
2007 4323 2396 4405 priusquam
2435 4322 2645 4389 draco
2687 4342 2842 4389 cum

598 4419 863 4504 angelis
886 4419 1031 4502 ejus
1052 4418 1403 4501 expulsuS,
1428 4418 1559 4483 hoc
1586 4428 1718 4494 est,
1745 4426 2104 4500 separatus
2127 4438 2168 4479 a
2191 4417 2386 4481 caelo
2409 4426 2618 4481 esset.
2707 4416 2846 4500 Qui

600 4534 736 4581 non
766 4516 897 4581 scit
930 4514 1123 4598 leges
1152 4514 1411 4579 ordinis
1442 4512 1698 4589 Divini,
1723 4512 2002 4577 credere
2027 4519 2262 4593 potest
2287 4512 2469 4595 quod
2506 4512 2844 4580 Dominus

599 4610 863 4679 salvare
899 4612 1118 4695 possit
1162 4608 1561 4693 quemlibet,
1600 4608 1702 4673 ita
1744 4606 1965 4673 malos
2001 4626 2218 4689 aeque
2255 4626 2334 4671 ac
2380 4606 2642 4685 bonos3
2677 4606 2838 4679 inde
