3259 5384
651 667 824 736 2054
1283 665 1786 718 APOCALYPSIS
1830 666 2281 718 EXPLICATA.

753 837 920 888 “Hoc
949 837 1258 888 Levitarum
1287 837 1536 896 officium,
1565 853 1598 886 a
1633 836 1745 886 filio
1772 837 2010 901 quinque
2038 847 2093 887 et
2122 837 2312 900 viginti
2342 851 2609 888 annorum
2636 845 2693 888 et
2720 851 2887 900 supra.

914 904 1097 954 veniet
1125 904 1194 954 ad
1223 903 1562 954 militandum
1593 903 1836 952 militiam
1868 903 1923 952 in
1954 903 2256 952 ministerio
2285 901 2530 952 Tentorii
2559 913 2886 952 conventus:

917 969 1013 1019 sed
1041 984 1075 1018 a
1101 969 1213 1017 filio
1243 969 1632 1032 quinquaginta
1658 983 1924 1018 annorum
1956 969 2167 1017 recedet
2196 983 2229 1016 a
2256 968 2447 1017 militia
2470 969 2772 1024 ministerii,
2796 981 2889 1016 nec

913 1035 1239 1084 ministrabit
1261 1035 1495 1098 amplius
1511 1033 1540 1054 '⁹
1563 1034 1753 1094 (Num.
1776 1035 1887 1084 viii.
1912 1047 1992 1094 24.
2018 1033 2130 1096 25):

647 1178 832 1262 quod
866 1197 1074 1260 opera
1118 1187 1188 1242 et
1227 1178 1598 1241 ministeria
1637 1177 2031 1240 Levitarum
2070 1177 2249 1241 circa
2286 1175 2690 1240 Tentorium
2729 1197 2887 1242 con·

647 1281 894 1336 ventus
925 1272 1239 1335 dicantur
1267 1271 1623 1347 “militia‚”
1648 1283 1754 1335 est
1786 1273 1943 1354 quia
1974 1271 2258 1334 Levitae
2284 1271 2887 1350 repraesentabant

648 1387 807 1430 vera
836 1365 1206 1444 ecclesiae;
1255 1376 1325 1429 et
1361 1365 1668 1439 Aharon,
1705 1367 1809 1428 cui
1844 1365 2127 1428 Levitae
2162 1365 2302 1428 dati
2336 1375 2494 1427 sunt
2532 1377 2603 1428 et
2641 1363 2889 1428 addicti

646 1461 730 1522 ad
787 1459 1238 1536 serviendum,
1288 1460 1897 1542 repraesentabant
1946 1459 2314 1522 Dominum
2365 1459 2589 1542 quoad
2638 1459 2889 1522 bonum

645 1557 914 1630 amoriS,
964 1565 1035 1619 et
1087 1555 1312 1638 quoad
1367 1574 1537 1638 opus
1581 1553 2021 1632 salvationis;
2086 1564 2157 1617 et
2213 1555 2367 1636 quia
2421 1553 2757 1617 Dominus
2801 1573 2887 1616 ex

646 1648 830 1712 bono
866 1651 1113 1712 amoris
1151 1669 1272 1732 per
1306 1669 1467 1712 vera
1505 1670 1596 1712 ex
1637 1647 1873 1712 Verbo
1912 1659 2272 1730 regenerat
2310 1658 2381 1710 et
2418 1647 2641 1710 salvat
2678 1647 2889 1712 homi·

649 1764 792 1820 neS,
819 1754 890 1806 et
922 1764 1190 1827 quoque
1223 1752 1530 1806 removet
1558 1741 1739 1806 mala
1770 1753 1840 1806 et
1872 1743 2060 1818 falsa,
2089 1764 2261 1826 quae
2295 1750 2451 1804 sunt
2485 1741 2573 1804 ab
2606 1741 2884 1816 inferno,

650 1847 891 1902 contra
949 1859 1122 1921 quae
1181 1839 1502 1902 continue
1563 1848 1851 1920 pugnat,
1901 1838 2055 1900 ideo
2115 1835 2335 1900 officia
2394 1847 2465 1900 et
2519 1837 2889 1901 ministeria

649 1931 1040 1996 Levitarum
1065 1930 1249 1996 dic'ta
1271 1931 1537 1996 fuerunt
1567 1931 1861 1995 “militia
1888 1932 1941 2010 ;’'
1978 1932 2160 2015 quod
2192 1933 2400 1995 etiam
2434 1953 2521 1994 ex
2556 1953 2641 1995 eo
2672 1941 2883 2013 patet,

643 2028 826 2112 quod
873 2029 1243 2091 ministeria
1287 2026 1557 2091 illorum
1602 2037 1853 2091 vocata
1898 2029 2033 2091 sint
2076 2027 2431 2102 “militia,”
2469 2029 2749 2091 tametsi
2794 2027 2887 2090 illi

645 2141 778 2186 non
828 2122 1202 2186 militarunt
1249 2132 1492 2185 contra
1536 2122 1771 2184 hostes
1818 2131 2075 2186 terrae:
2140 2142 2230 2185 ex
2287 2121 2416 2184 hoc
2466 2131 2659 2203 patet
2706 2121 2884 2205 quod

644 2217 1098 2280 sacerdotium
1144 2218 1231 2281 sit
1277 2215 1538 2291 militia,
1587 2215 1708 2279 sed
1764 2217 2004 2279 militia
2057 2225 2299 2280 contra
2343 2215 2510 2278 falsa
2563 2227 2633 2280 et
2688 2213 2884 2279 mala.

643 2311 756 2374 Ex
811 2313 941 2375 hoc
995 2322 1101 2374 est
1153 2311 1334 2394 quod
1381 2309 1673 2374 ecclesia
1714 2312 1922 2373 etiam
1976 2311 2178 2374 hodie
2225 2311 2489 2374 dicatur
2538 2309 2883 2374 “ecclesia

644 2405 1012 2488 pugnanS.”
1103 2404 1315 2486 Apud
1350 2405 1659 2480 Esaiam,

745 2545 909 2595 “Vox
943 2546 1298 2596 multitudinis
1335 2545 1388 2594 in
1431 2546 1722 2604 montibus.
1758 2546 1965 2609 species
2009 2545 2192 2609 populi
2236 2547 2435 2608 magni,
2470 2561 2579 2596 vox
2618 2546 2877 2596 tumultus

905 2625 1194 2674 regnorum
1224 2613 1464 2674 gentium
1489 2622 1955 2676 congregatarum,
1979 2611 2223 2677 Jehovah
2254 2611 2492 2662 Zebaoth
2518 2621 2766 2660 numerat
2792 2625 2880 2660 ex·

905 2679 1127 2726 ercitum
1151 2677 1278 2726 belli
1294 2675 1321 2696 ”
1346 2677 1474 2738 (xiii.
1499 2675 1585 2738 4);

643 2805 816 2869 haec
859 2805 1226 2869 videantur
1283 2825 1490 2888 supra
1543 2821 1873 2887 (n.453[o])
1924 2805 2321 2888 explicata;
2388 2817 2461 2870 et
2520 2807 2702 2889 quod
2762 2826 2877 2888 per

648 2905 1058 2962 “numerare
1095 2900 1475 2963 exercitum
1523 2900 1729 2964 belli”
1766 2898 2185 2980 significetur
2230 2901 2541 2964 ordinare
2588 2920 2748 2963 vera
2790 2919 2875 2961 ex

643 2992 825 3055 bono
858 3002 1098 3056 contra
1133 2991 1302 3056 salsa
1331 3015 1422 3057 ex
1461 2995 1665 3070 malo,
1701 3015 1873 3078 quae
1912 3014 2031 3075 per
2066 3000 2105 3026 ‘⁴
2126 3014 2341 3076 regna
2370 2995 2679 3077 gentium
2718 3013 2877 3058 con·

641 3086 1128 3168 gregatarum”
1165 3087 1654 3170 significantur.
1745 3088 1953 3172 Apud
1992 3088 2305 3164 eundem,

742 3233 771 3254 ‘¹
787 3229 850 3280 In
876 3232 962 3281 die
986 3231 1078 3281 illo
1102 3231 1202 3282 erit
1226 3231 1471 3298 Jehovah
1500 3229 1814 3298 [ZebaothJ.
1836 3271 1849 3283 .
1868 3271 1880 3283 .
1902 3233 1981 3283 ,in
2007 3233 2251 3296 spiritum
2277 3232 2459 3295 judicii
2486 3233 2695 3283 sedenti
2719 3248 2881 3296 super

901 3297 1308 3428 Ξὲξιείἰίἳῖἒᾎίἑι)
1331 3299 1705 3414 :fortitudinem
1744 3295 1899 3364 [illis]
1947 3299 2037 3362 qui
2078 3299 2343 3362 repellunt
2379 3299 2576 3348 bellum
2612 3315 2647 3348 a
2680 3297 2879 3362 porta”

641 3497 809 3559 haec
858 3496 942 3560 de
988 3495 1118 3558 illis
1164 3497 1276 3578 qui
1322 3496 1389 3558 in
1433 3495 1610 3558 fastu
1658 3497 1967 3578 propriae
2012 3496 2511 3577 intelligentiae
2546 3506 2729 3573 sunt,
2768 3498 2880 3579 qui

639 3590 1113 3672 intelliguntur
1165 3609 1285 3671 per
1341 3595 1722 3654 “coronam
1777 3592 2151 3674 superbiae,
2208 3591 2430 3654 ebrios
2486 3591 2880 3673 Ephraimi”

649 3683 814 3766 (ver.
863 3683 973 3766 1);
1032 3685 1118 3747 de
1163 3683 1294 3747 illis
1340 3685 1451 3767 qui
1499 3704 1635 3748 non
1682 3687 1748 3749 in
1795 3706 1880 3749 eo
1923 3686 2100 3748 fastu
2145 3696 2323 3761 sunt,
2364 3685 2482 3749 illa
2524 3686 2877 3748 dicuntur:

641 3779 822 3861 quod
884 3800 972 3842 ex
1037 3779 1335 3843 Domino
1395 3778 1526 3842 illis
1592 3781 1682 3843 sit
1742 3779 2222 3860 intelligentia,
2286 3779 2706 3862 significatur
2765 3800 2882 3863 per

645 3873 852 3936 “Erit
897 3873 1203 3954 Jehovah
1251 3875 1318 3936 in
1363 3875 1671 3955 spiritum
1703 3873 1955 3954 judicii,
2004 3875 2271 3938 sedenti
2316 3895 2515 3956 super
2553 3875 2807 3956 judicio
2830 3873 2880 3952 ;’'

643 3967 1061 4048 “judicium”
1105 3967 1442 4050 significat
1488 3965 1913 4032 intellectum
1960 3969 2119 4043 veri,
2171 3971 2267 4032 ita
2310 3969 2875 4050 intelligentiam:

642 4062 823 4144 quod
868 4062 1228 4143 “Jehovah
1265 4064 1392 4125 erit
1431 4063 1497 4126 in
1535 4062 2001 4126 fortitudinem
2040 4062 2170 4126 illis
2207 4064 2318 4146 qui
2354 4063 2700 4143 repellunt
2738 4063 2877 4128 bel-

641 4157 780 4220 lum
828 4177 868 4220 a
913 4157 1158 4238 porta”
1195 4156 1531 4238 significat
1569 4156 1753 4240 quod
1800 4157 2131 4220 Dominus
2174 4159 2291 4220 det
2330 4161 2715 4239 potentiam
2754 4160 2879 4223 illis

638 4253 750 4334 qui
783 4250 1088 4315 Verbum
1121 4261 1191 4314 et
1224 4249 1603 4314 doctrinam
1642 4272 1679 4315 e
1718 4250 1955 4315 Verbo
1987 4251 2381 4326 defendunt,
2417 4263 2488 4316 et
2520 4265 2760 4319 arcent
2800 4275 2879 4317 ne

639 4346 964 4410 violentia
1016 4347 1112 4409 eis
1163 4346 1527 4424 inferatur3
1595 4346 1854 4409 “urbs''
1900 4356 2006 4411 est
2060 4344 2387 4421 doc'trina,
2444 4358 2515 4410 et
2566 4347 2880 4430 “porta‚''

638 4461 809 4523 quae
842 4441 962 4504 dat
993 4441 1345 4505 introitum
1379 4440 1467 4504 ad
1498 4441 1707 4517 illam,
1743 4450 1901 4505 sunt
1934 4461 2092 4504 vera
2125 4443 2495 4518 naturalia;
2544 4443 2705 4507 inde
2738 4453 2878 4508 erat

638 4535 819 4617 quod
843 4537 1143 4600 seniores
1167 4534 1419 4618 judicia
1443 4535 1801 4601 habuerint
1832 4537 1899 4600 in
1925 4537 2106 4600 urbis
2132 4537 2364 4618 portis,
2446 4535 2657 4618 Apud
2684 4538 2879 4612 Jere-

642 4651 867 4708 mnam,
