3259 5384
616 644 783 707 2018
1239 655 1739 708 APOCALYPSIS
1785 652 2234 707 EXPLICATA.

614 847 735 910 per
776 824 1095 890 “fontem
1131 826 1199 891 in
1248 824 1420 891 Beer
1438 824 1469 853 ”
1506 826 1615 890 hic
1656 824 2073 909 significatur
2110 822 2418 889 doftrina
2449 846 2539 889 ex
2580 824 2852 903 Verbo;

616 921 763 984 beer
792 924 1002 985 etiam
1036 923 1101 985 in
1128 920 1362 1005 lingua
1393 922 1705 1003 originali
1737 918 2076 1003 significat
2109 920 2410 984 sontem:
2461 939 2580 1001 per
2616 922 2852 1003 “prin-

614 1015 846 1098 cipes’'
883 1016 994 1098 qui
1040 1015 1376 1091 foderunt,
1417 1025 1491 1079 et
1538 1036 1657 1097 per
1697 1016 2084 1097 “primores
2131 1015 2361 1097 populi
2378 1013 2408 1038 ’'
2445 1014 2556 1097 qui
2602 1013 2855 1077 effode·

615 1121 794 1184 runt,
845 1109 1313 1191 significantur
1357 1109 1831 1191 intelligentes
1875 1118 1947 1172 et
1993 1110 2340 1190 sapientes
2385 1127 2476 1170 ex
2533 1107 2852 1181 Domine,

615 1204 727 1285 qui
766 1204 854 1266 ibi
886 1213 991 1267 est
1030 1209 1067 1235 ‘⁸
1088 1201 1479 1285 Legislator
1500 1201 1553 1265 :”
1600 1222 1720 1284 per
1753 1201 2152 1275 “baculoS,'’
2186 1223 2306 1284 per
2337 1220 2507 1284 quos
2539 1202 2855 1265 foderunt

616 1306 688 1360 et
725 1297 1125 1373 effoderunt,
1165 1296 1587 1379 significatur
1622 1292 2011 1360 intelle6tus
2050 1298 2117 1358 in
2159 1296 2420 1359 Divinis
2457 1296 2631 1359 veris
2669 1295 2855 1359 illus-

614 1399 854 1455 tratus,
944 1390 1154 1473 Apud
1186 1390 1607 1467 Samariam,

714 1539 744 1559 ‘¹
758 1536 950 1585 Adhuc
972 1536 1288 1585 habitabunt
1311 1550 1471 1585 senes
1490 1549 1684 1595 marea,
1703 1544 1758 1585 et
1781 1550 1943 1585 senes
1967 1536 2220 1585 mulieres
2243 1536 2298 1584 in
2324 1535 2516 1598 plateis
2543 1533 2858 1599 Hierosoly-

875 1616 1009 1659 mae,
1027 1611 1083 1649 et
1106 1602 1189 1649 vir
1212 1601 1364 1664 cujus
1388 1602 1443 1650 in
1468 1616 1633 1650 manu
1653 1602 1821 1664 scipio
1845 1616 1972 1663 prae
1997 1600 2338 1651 multitudine
2357 1602 2562 1650 dierum
2579 1599 2607 1620 ’⁰
2625 1600 2754 1661 (viii.
2771 1604 2857 1661 4):

616 1765 736 1827 per
776 1748 1032 1808 “senes
1070 1764 1291 1807 mares
1336 1753 1406 1808 et
1456 1763 1656 1807 senes
1694 1743 2010 1807 mulieres
2030 1742 2062 1768 ’⁹
2097 1740 2566 1824 'significantur
2603 1742 2854 1808 intelli-

615 1848 863 1921 gentes
895 1860 984 1902 ex
1017 1836 1327 1903 doEtrina
1359 1848 1431 1902 et
1462 1858 1554 1901 ex
1592 1835 1950 1901 affeetione
1981 1838 2120 1901 veri
2146 1858 2160 1915 ;
2211 1858 2328 1919 per
2363 1842 2402 1869 ‘⁸
2425 1838 2639 1901 virum
2669 1836 2856 1919 cujus

616 1934 682 1995 in
750 1952 954 1995 manu
1020 1933 1233 2014 scipio
1295 1953 1457 2015 prae
1522 1932 1958 1996 multitudine
2026 1931 2282 1995 dierum
2301 1930 2332 1956 ”
2389 1930 2858 2013 significantur

616 2027 961 2109 sapientes
992 2028 1102 2109 qui
1137 2025 1302 2089 nihil
1334 2027 1459 2089 sibi
1492 2026 1613 2089 sed
1653 2025 1782 2089 soli
1822 2025 2124 2088 Domino
2162 2024 2418 2087 fidunt:
2468 2024 2650 2107 quod
2683 2025 2750 2088 hi
2789 2028 2858 2089 in

617 2119 928 2194 ecclesia,
994 2121 1103 2183 ubi
1163 2116 1473 2184 doftrina
1529 2120 1806 2201 genuini
1861 2120 2022 2193 veri,
2081 2118 2500 2200 significatur
2559 2140 2679 2201 per
2735 2120 2858 2183 “in

617 2215 864 2298 plateis
900 2215 1425 2296 Hierosolymae
1450 2214 1501 2292 ;’'
1542 2222 1581 2247 ‘⁸
1604 2213 2091 2295 Hierosolyma
2107 2212 2138 2239 ”
2169 2224 2276 2277 est
2308 2214 2600 2277 ecclesia
2631 2214 2857 2297 quoad

616 2307 1017 2385 doftrinam,
1058 2319 1131 2373 et
1172 2308 1506 2391 “plateae
1522 2308 1556 2334 ’⁹
1590 2318 1753 2372 sunt
1791 2329 1952 2372 vera
1989 2304 2362 2383 dodirinae,
2403 2308 2510 2371 hic
2559 2308 2857 2389 genuina

615 2424 795 2468 vera.
886 2403 1094 2485 Apud
1132 2403 1529 2479 Jermiam,

716 2548 963 2598 “Stultus
996 2546 1169 2597 faetus
1204 2556 1288 2598 est
1321 2548 1501 2599 omnis
1533 2548 1702 2598 homo
1735 2562 1771 2597 a
1805 2548 2044 2607 scientia.
2069 2548 2274 2610 pudore
2309 2544 2536 2597 affeetus
2567 2555 2653 2597 est
2679 2548 2856 2597 omnis

878 2614 1141 2663 conflator
1167 2628 1201 2661 a
1227 2612 1458 2677 sculptili
1480 2627 1516 2671 ;.
1538 2650 1551 2663 .
1570 2650 1582 2663 .
1603 2628 1738 2663 ‚non
1769 2613 1907 2663 sicut
1935 2614 2028 2663 illa
2061 2628 2186 2675 pars
2213 2613 2415 2677 Jacobi,
2443 2612 2538 2662 sed
2578 2611 2860 2662 Formator

877 2680 1119 2727 omnium
1149 2678 1261 2738 Ille,
1276 2688 1331 2728 et
1353 2678 1519 2728 Israel
1542 2678 1762 2728 baculus
1779 2678 2092 2728 hereditatis
2115 2678 2290 2741 Ipsius
2309 2694 2320 2737 ;
2355 2677 2599 2743 Jehovah
2619 2676 2856 2727 zebaoth

878 2758 1074 2793 nomen
1104 2742 1323 2807 Ipsius”
1344 2745 1414 2807 (x.
1445 2755 1519 2805 14,
1550 2744 1645 2802 16;
1680 2758 1794 2806 cap.
1819 2744 1872 2793 li.
1901 2746 2012 2806 19):

623 2884 936 2949 “stultus
990 2881 1205 2948 fastus
1261 2894 1369 2949 est
1415 2885 1638 2948 omnis
1691 2884 1902 2948 homo
1954 2906 1995 2948 a
2051 2882 2386 2948 scientia”
2431 2881 2772 2965 significat
2817 2904 2858 2947 a

620 2978 1007 3043 scientificis
1040 2979 1367 3043 naturalis
1398 2979 1693 3041 hominis
1725 2980 2020 3059 separati
2053 2998 2093 3041 a
2125 2978 2492 3059 spirituali;
2543 2978 2856 3060 “pudore

619 3072 899 3137 effestus
937 3084 1043 3137 est
1091 3074 1311 3137 omnis
1355 3072 1691 3137 conflator
1727 3093 1768 3137 a
1813 3072 2112 3155 sculptili
2133 3071 2164 3097 ”
2201 3071 2540 3155 significat
2587 3093 2628 3135 a
2671 3072 2855 3138 falsis

620 3189 793 3251 quae
851 3189 941 3229 ex
1002 3168 1270 3249 propria
1328 3166 1826 3249 intelligentia;
1900 3168 2076 3229 “sed
2141 3166 2504 3230 Formator
2555 3168 2855 3230 omnium

622 3261 795 3326 111e”
833 3261 1172 3343 significat
1222 3261 1592 3325 Dominum
1640 3283 1682 3325 a
1726 3282 1860 3345 quo
1907 3262 2127 3324 omnis
2173 3260 2632 3341 intelligentia
2678 3263 2854 3325 veri:

624 3356 896 3419 “Israel
943 3355 1224 3418 baculus
1261 3354 1666 3419 hereditatis
1713 3354 1931 3437 Ipsius
1947 3353 1978 3379 ’⁹
2015 3353 2352 3435 significat
2389 3353 2751 3418 ecclesiam
2789 3356 2855 3418 in

620 3470 752 3532 qua
788 3460 893 3513 est
935 3448 1253 3512 Divinum
1290 3448 1571 3523 Verum;
1614 3459 1685 3512 et
1723 3448 1863 3529 ejus
1901 3450 2214 3530 potentia
2252 3458 2494 3512 contra
2530 3446 2739 3528 falsa;
2787 3462 2857 3515 et

620 3544 774 3627 quia
810 3544 917 3607 hic
957 3544 1043 3607 de
1081 3542 1539 3625 intelligentia
1577 3563 1696 3625 per
1728 3542 2051 3608 Divinum
2086 3542 2345 3605 Verum
2383 3544 2630 3625 agitur,
2664 3543 2856 3609 addi-

622 3648 751 3712 tur,
785 3636 1148 3719 “Jehovah
1177 3636 1491 3702 Zebaoth
1518 3656 1768 3700 nomen
1798 3637 2016 3718 Ipsius
2039 3636 2092 3714 ;”
2125 3636 2460 3699 Dominus
2487 3636 2856 3718 “Jehovah

622 3731 982 3795 Zebaoth”
1042 3740 1329 3794 vocatur
1386 3751 1477 3795 ex
1538 3730 1802 3793 Divinis
1865 3732 2040 3793 veris
2098 3732 2166 3793 in
2221 3732 2405 3793 omni
2464 3731 2854 3814 complexu,

620 3825 893 3890 zebaoth
940 3828 1120 3889 enim
1168 3824 1557 3907 significant
1602 3825 1970 3901 exercituS,
2015 3834 2087 3888 et
2133 3824 2583 3889 “exercitus”
2630 3828 2859 3889 omnia

620 3941 780 3984 vera
818 3930 889 3984 et
927 3919 1109 3982 bona
1146 3919 1479 3983 ecclesiae
1516 3928 1587 3982 et
1627 3917 1820 3982 caeli.

746 4010 874 4093 [b.]
938 4011 1236 4093 Quando
1268 4008 1384 4073 filii
1419 4008 1698 4073 Israelis
1733 4012 1800 4073 in
1831 4010 2112 4073 deserto
2144 4010 2660 4073 murmurabant
2691 4028 2859 4074 con-

622 4113 731 4168 tra
770 4103 1013 4166 Mosen
1052 4113 1122 4167 et
1157 4102 1555 4166 Aharonem
1588 4112 1868 4184 propter
1901 4102 2321 4178 Korachum,
2359 4102 2754 4167 Dathanern
2786 4112 2859 4166 et

622 4198 1045 4273 Abiramum‚
1086 4197 1268 4280 quod
1307 4196 1612 4279 absorpti
1649 4197 1785 4261 sint
1822 4216 1862 4260 a
1899 4206 2101 4271 terra,
2144 4196 2544 4261 mandatum
2581 4207 2692 4262 est

731 4340 890 4405 Quod
925 4340 1193 4403 principes
1221 4339 1500 4389 duodecim
1530 4340 1764 4389 tribuum
1806 4349 2069 4403 ponerent
2097 4340 2316 4390 baculos
2350 4354 2479 4390 suos
2514 4340 2570 4389 in
2600 4338 2858 4391 Tentorlo

882 4418 1180 4455 conventus
1208 4420 1389 4454 coram
1419 4404 1784 4456 Testimonio:
1823 4420 1930 4469 quo
1956 4403 2102 4455 {adio
2131 4406 2350 4455 baculus
2379 4406 2652 4456 Aharonis
2681 4405 2858 4457 floruit

882 4480 936 4520 et
960 4470 1209 4533 produxit
1231 4470 1547 4533 amygdalas
1570 4468 1758 4533 (Num.
1783 4472 1907 4521 xvii.
1937 4482 2092 4531 17-25
2122 4468 2213 4536 [B.
2238 4473 2306 4521 A.
2332 4468 2538 4535 2-10]):

622 4602 752 4668 hoc
810 4600 1059 4667 fastum
1114 4612 1221 4668 est
1275 4604 1431 4687 quia
1468 4614 1966 4669 murmurarunt
2023 4614 2266 4668 contra
2315 4602 2674 4685 Jehovam,
2723 4604 2856 4669 hoc
