<?xml version="1.0" encoding="UTF-8"?>
<!DOCTYPE html PUBLIC "-//W3C//DTD XHTML 1.0 Transitional//EN"
    "http://www.w3.org/TR/xhtml1/DTD/xhtml1-transitional.dtd">
<html xmlns="http://www.w3.org/1999/xhtml" xml:lang="en" lang="en">
 <head>
  <title>
</title>
<meta http-equiv="Content-Type" content="text/html;charset=utf-8" />
  <meta name='ocr-system' content='tesseract 3.04.00' />
  <meta name='ocr-capabilities' content='ocr_page ocr_carea ocr_par ocr_line ocrx_word'/>
</head>
<body>
  <div class='ocr_page' id='page_1' title='image "./apocalypsisexpl00unkngoog_0572.png"; bbox 0 0 3259 5384; ppageno 0'>
   <div class='ocr_carea' id='block_1_1' title="bbox 537 697 2155 768">
    <p class='ocr_par' dir='ltr' id='par_1_1' title="bbox 537 697 2155 768">
     <span class='ocr_line' id='line_1_1' title="bbox 537 697 2155 768; baseline 0.001 -18"><span class='ocrx_word' id='word_1_1' title='bbox 537 697 704 768; x_wconf 83' lang='lat'><em>2472</em></span> <span class='ocrx_word' id='word_1_2' title='bbox 1155 697 1661 750; x_wconf 76' lang='lat' dir='ltr'>APOCALYPSIS</span> <span class='ocrx_word' id='word_1_3' title='bbox 1704 698 2155 752; x_wconf 72' lang='lat' dir='ltr'>EXPLICATA.</span> 
     </span>
    </p>
   </div>
   <div class='ocr_carea' id='block_1_2' title="bbox 529 867 2783 4727">
    <p class='ocr_par' dir='ltr' id='par_1_2' title="bbox 529 867 2783 4727">
     <span class='ocr_line' id='line_1_2' title="bbox 535 867 2773 954; baseline 0.002 -22"><span class='ocrx_word' id='word_1_4' title='bbox 535 867 986 933; x_wconf 84' lang='lat' dir='ltr'><strong>mittebantur</strong></span> <span class='ocrx_word' id='word_1_5' title='bbox 1033 869 1100 933; x_wconf 94' lang='lat' dir='ltr'><strong>in</strong></span> <span class='ocrx_word' id='word_1_6' title='bbox 1147 868 1465 946; x_wconf 82' lang='lat' dir='ltr'><strong>torcular,</strong></span> <span class='ocrx_word' id='word_1_7' title='bbox 1512 868 1933 952; x_wconf 87' lang='lat' dir='ltr'><strong>significatur</strong></span> <span class='ocrx_word' id='word_1_8' title='bbox 1974 871 2231 936; x_wconf 90' lang='lat' dir='ltr'><strong>bonum</strong></span> <span class='ocrx_word' id='word_1_9' title='bbox 2277 871 2646 954; x_wconf 74' lang='lat' dir='ltr'><strong>spirituale,</strong></span> <span class='ocrx_word' id='word_1_10' title='bbox 2692 891 2773 936; x_wconf 84' lang='lat' dir='ltr'><strong>ac</strong></span> 
     </span>
     <span class='ocr_line' id='line_1_3' title="bbox 533 962 2776 1046; baseline 0.002 -20"><span class='ocrx_word' id='word_1_11' title='bbox 533 981 652 1044; x_wconf 88' lang='lat' dir='ltr'><strong>per</strong></span> <span class='ocrx_word' id='word_1_12' title='bbox 680 963 963 1026; x_wconf 88' lang='lat' dir='ltr'><strong>“vinum</strong></span> <span class='ocrx_word' id='word_1_13' title='bbox 981 962 1212 1045; x_wconf 91' lang='lat' dir='ltr'><strong>”quod</strong></span> <span class='ocrx_word' id='word_1_14' title='bbox 1239 963 1739 1044; x_wconf 86' lang='lat' dir='ltr'><strong>producebatur</strong></span> <span class='ocrx_word' id='word_1_15' title='bbox 1762 963 2181 1046; x_wconf 87' lang='lat' dir='ltr'><strong>significatur</strong></span> <span class='ocrx_word' id='word_1_16' title='bbox 2203 983 2437 1030; x_wconf 88' lang='lat' dir='ltr'><strong>verum</strong></span> <span class='ocrx_word' id='word_1_17' title='bbox 2468 986 2559 1030; x_wconf 84' lang='lat' dir='ltr'><strong>ex</strong></span> <span class='ocrx_word' id='word_1_18' title='bbox 2591 966 2776 1030; x_wconf 88' lang='lat' dir='ltr'><strong>bono</strong></span> 
     </span>
     <span class='ocr_line' id='line_1_4' title="bbox 531 1052 2773 1139; baseline 0.002 -24"><span class='ocrx_word' id='word_1_19' title='bbox 531 1052 656 1117; x_wconf 92' lang='lat' dir='ltr'><strong>illo</strong></span> <span class='ocrx_word' id='word_1_20' title='bbox 677 1069 917 1128; x_wconf 71' lang='lat' dir='ltr'><strong>(videatur</strong></span> <span class='ocrx_word' id='word_1_21' title='bbox 932 1085 1092 1130; x_wconf 77' lang='lat' dir='ltr'><strong>supra.</strong></span> <span class='ocrx_word' id='word_1_22' title='bbox 1112 1084 1159 1117; x_wconf 85' lang='lat' dir='ltr'><strong>n.</strong></span> <span class='ocrx_word' id='word_1_23' title='bbox 1179 1065 1455 1130; x_wconf 75' lang='lat' dir='ltr'><strong>[¹1220[b],</strong></span> <span class='ocrx_word' id='word_1_24' title='bbox 1475 1055 1644 1136; x_wconf 89' lang='lat'>376).</span> <span class='ocrx_word' id='word_1_25' title='bbox 1724 1055 1903 1138; x_wconf 83' lang='lat' dir='ltr'><strong>Quia</strong></span> <span class='ocrx_word' id='word_1_26' title='bbox 1926 1054 2285 1139; x_wconf 66' lang='lat' dir='ltr'><strong>productio</strong></span> <span class='ocrx_word' id='word_1_27' title='bbox 2307 1057 2453 1119; x_wconf 87' lang='lat' dir='ltr'><strong>veri</strong></span> <span class='ocrx_word' id='word_1_28' title='bbox 2474 1077 2567 1120; x_wconf 87' lang='lat' dir='ltr'><strong>ex</strong></span> <span class='ocrx_word' id='word_1_29' title='bbox 2588 1056 2773 1121; x_wconf 94' lang='lat' dir='ltr'><strong>bono</strong></span> 
     </span>
     <span class='ocr_line' id='line_1_5' title="bbox 532 1145 2772 1230; baseline 0.001 -22"><span class='ocrx_word' id='word_1_30' title='bbox 532 1145 861 1227; x_wconf 88' lang='lat' dir='ltr'><strong>spirituali</strong></span> <span class='ocrx_word' id='word_1_31' title='bbox 892 1166 1010 1228; x_wconf 90' lang='lat' dir='ltr'><strong>per</strong></span> <span class='ocrx_word' id='word_1_32' title='bbox 1045 1151 1085 1179; x_wconf 90' lang='lat'><em>“</em></span> <span class='ocrx_word' id='word_1_33' title='bbox 1105 1146 1401 1212; x_wconf 89' lang='lat' dir='ltr'><strong>torcular</strong></span> <span class='ocrx_word' id='word_1_34' title='bbox 1417 1147 1448 1172; x_wconf 91' lang='lat'><strong>”</strong></span> <span class='ocrx_word' id='word_1_35' title='bbox 1469 1145 1911 1230; x_wconf 86' lang='lat' dir='ltr'><strong>significatur,</strong></span> <span class='ocrx_word' id='word_1_36' title='bbox 1936 1149 2093 1214; x_wconf 88' lang='lat' dir='ltr'><strong>ideo</strong></span> <span class='ocrx_word' id='word_1_37' title='bbox 2122 1149 2190 1212; x_wconf 89' lang='lat' dir='ltr'><strong>in</strong></span> <span class='ocrx_word' id='word_1_38' title='bbox 2222 1149 2540 1230; x_wconf 87' lang='lat' dir='ltr'><strong>opposito</strong></span> <span class='ocrx_word' id='word_1_39' title='bbox 2571 1169 2772 1212; x_wconf 89' lang='lat' dir='ltr'><strong>sensu</strong></span> 
     </span>
     <span class='ocr_line' id='line_1_6' title="bbox 531 1239 2772 1324; baseline 0.001 -20"><span class='ocrx_word' id='word_1_40' title='bbox 531 1239 885 1323; x_wconf 62' lang='lat' dir='ltr'><strong>productio</strong></span> <span class='ocrx_word' id='word_1_41' title='bbox 917 1241 1063 1304; x_wconf 84' lang='lat' dir='ltr'><strong>salsi</strong></span> <span class='ocrx_word' id='word_1_42' title='bbox 1096 1262 1186 1305; x_wconf 87' lang='lat' dir='ltr'><strong>ex</strong></span> <span class='ocrx_word' id='word_1_43' title='bbox 1221 1241 1402 1306; x_wconf 88' lang='lat' dir='ltr'><strong>malo</strong></span> <span class='ocrx_word' id='word_1_44' title='bbox 1434 1261 1552 1324; x_wconf 90' lang='lat' dir='ltr'><strong>per</strong></span> <span class='ocrx_word' id='word_1_45' title='bbox 1577 1242 1741 1305; x_wconf 89' lang='lat' dir='ltr'><strong>illud</strong></span> <span class='ocrx_word' id='word_1_46' title='bbox 1774 1242 2193 1324; x_wconf 87' lang='lat' dir='ltr'><strong>significatur</strong></span> <span class='ocrx_word' id='word_1_47' title='bbox 2220 1263 2236 1321; x_wconf 89' lang='grc'><strong>;</strong></span> <span class='ocrx_word' id='word_1_48' title='bbox 2277 1262 2435 1306; x_wconf 89' lang='lat' dir='ltr'><strong>nam</strong></span> <span class='ocrx_word' id='word_1_49' title='bbox 2462 1243 2772 1307; x_wconf 88' lang='lat' dir='ltr'><strong>similiter</strong></span> 
     </span>
     <span class='ocr_line' id='line_1_7' title="bbox 532 1336 2771 1420; baseline 0.001 -21"><span class='ocrx_word' id='word_1_50' title='bbox 532 1343 608 1400; x_wconf 84' lang='lat' dir='ltr'><strong>ut</strong></span> <span class='ocrx_word' id='word_1_51' title='bbox 667 1336 918 1399; x_wconf 89' lang='lat' dir='ltr'><strong>bonum</strong></span> <span class='ocrx_word' id='word_1_52' title='bbox 982 1337 1294 1417; x_wconf 89' lang='lat' dir='ltr'><strong>producit</strong></span> <span class='ocrx_word' id='word_1_53' title='bbox 1353 1355 1610 1412; x_wconf 86' lang='lat' dir='ltr'><strong>verum,</strong></span> <span class='ocrx_word' id='word_1_54' title='bbox 1672 1339 1771 1401; x_wconf 90' lang='lat' dir='ltr'><strong>ita</strong></span> <span class='ocrx_word' id='word_1_55' title='bbox 1828 1337 2081 1400; x_wconf 90' lang='lat' dir='ltr'><strong>malum</strong></span> <span class='ocrx_word' id='word_1_56' title='bbox 2141 1337 2327 1401; x_wconf 93' lang='lat' dir='ltr'><strong>bono</strong></span> <span class='ocrx_word' id='word_1_57' title='bbox 2384 1337 2771 1420; x_wconf 90' lang='lat' dir='ltr'><strong>oppositum</strong></span> 
     </span>
     <span class='ocr_line' id='line_1_8' title="bbox 529 1429 2769 1513; baseline 0.001 -21"><span class='ocrx_word' id='word_1_58' title='bbox 529 1431 841 1512; x_wconf 88' lang='lat' dir='ltr'><strong>producit</strong></span> <span class='ocrx_word' id='word_1_59' title='bbox 885 1430 1147 1494; x_wconf 86' lang='lat' dir='ltr'><strong>falsum.</strong></span> <span class='ocrx_word' id='word_1_60' title='bbox 1239 1430 1442 1513; x_wconf 83' lang='lat' dir='ltr'><strong>Quod</strong></span> <span class='ocrx_word' id='word_1_61' title='bbox 1483 1429 1889 1495; x_wconf 81' lang='lat' dir='ltr'><strong>“torcular&#39;&#39;</strong></span> <span class='ocrx_word' id='word_1_62' title='bbox 1926 1432 2034 1494; x_wconf 86' lang='lat' dir='ltr'><strong>hic</strong></span> <span class='ocrx_word' id='word_1_63' title='bbox 2080 1430 2416 1513; x_wconf 88' lang='lat' dir='ltr'><strong>significet</strong></span> <span class='ocrx_word' id='word_1_64' title='bbox 2458 1431 2769 1495; x_wconf 83' lang='lat' dir='ltr'><strong>falsifica-</strong></span> 
     </span>
     <span class='ocr_line' id='line_1_9' title="bbox 530 1524 2772 1608; baseline 0.001 -22"><span class='ocrx_word' id='word_1_65' title='bbox 530 1525 788 1588; x_wconf 90' lang='lat' dir='ltr'><strong>tionem</strong></span> <span class='ocrx_word' id='word_1_66' title='bbox 810 1524 1020 1590; x_wconf 89' lang='lat' dir='ltr'><strong>Verbi</strong></span> <span class='ocrx_word' id='word_1_67' title='bbox 1046 1526 1270 1608; x_wconf 89' lang='lat' dir='ltr'><strong>quoad</strong></span> <span class='ocrx_word' id='word_1_68' title='bbox 1297 1544 1500 1589; x_wconf 91' lang='lat' dir='ltr'><strong>omne</strong></span> <span class='ocrx_word' id='word_1_69' title='bbox 1523 1544 1757 1588; x_wconf 87' lang='lat' dir='ltr'><strong>verum</strong></span> <span class='ocrx_word' id='word_1_70' title='bbox 1783 1525 2150 1607; x_wconf 88' lang='lat' dir='ltr'><strong>spirituale,</strong></span> <span class='ocrx_word' id='word_1_71' title='bbox 2180 1537 2287 1589; x_wconf 89' lang='lat' dir='ltr'><strong>est</strong></span> <span class='ocrx_word' id='word_1_72' title='bbox 2310 1525 2464 1608; x_wconf 89' lang='lat' dir='ltr'><strong>quia</strong></span> <span class='ocrx_word' id='word_1_73' title='bbox 2484 1536 2772 1589; x_wconf 88' lang='lat' dir='ltr'><strong>vocatur</strong></span> 
     </span>
     <span class='ocr_line' id='line_1_10' title="bbox 535 1618 2772 1702; baseline 0.001 -20"><span class='ocrx_word' id='word_1_74' title='bbox 535 1619 886 1682; x_wconf 86' lang='lat' dir='ltr'><strong>“torcular</strong></span> <span class='ocrx_word' id='word_1_75' title='bbox 908 1621 1045 1684; x_wconf 85' lang='lat' dir='ltr'><strong>irae</strong></span> <span class='ocrx_word' id='word_1_76' title='bbox 1080 1620 1209 1683; x_wconf 92' lang='lat' dir='ltr'><strong>Dei</strong></span> <span class='ocrx_word' id='word_1_77' title='bbox 1234 1619 1614 1702; x_wconf 88' lang='lat' dir='ltr'><strong>magnum,”</strong></span> <span class='ocrx_word' id='word_1_78' title='bbox 1638 1641 1717 1684; x_wconf 90' lang='lat' dir='ltr'><strong>ac</strong></span> <span class='ocrx_word' id='word_1_79' title='bbox 1751 1639 1871 1702; x_wconf 90' lang='lat' dir='ltr'><strong>per</strong></span> <span class='ocrx_word' id='word_1_80' title='bbox 1896 1621 2122 1683; x_wconf 83' lang='lat' dir='ltr'><strong>“iram</strong></span> <span class='ocrx_word' id='word_1_81' title='bbox 2158 1619 2288 1683; x_wconf 91' lang='lat' dir='ltr'><strong>Dei</strong></span> <span class='ocrx_word' id='word_1_82' title='bbox 2300 1619 2331 1644; x_wconf 88' lang='lat'><strong>”</strong></span> <span class='ocrx_word' id='word_1_83' title='bbox 2354 1618 2772 1702; x_wconf 86' lang='lat' dir='ltr'><strong>significatur</strong></span> 
     </span>
     <span class='ocr_line' id='line_1_11' title="bbox 530 1711 2771 1797; baseline 0 -21"><span class='ocrx_word' id='word_1_84' title='bbox 530 1723 968 1797; x_wconf 90' lang='lat' dir='ltr'><strong>contemptus</strong></span> <span class='ocrx_word' id='word_1_85' title='bbox 1003 1723 1074 1778; x_wconf 91' lang='lat' dir='ltr'><strong>et</strong></span> <span class='ocrx_word' id='word_1_86' title='bbox 1120 1711 1396 1796; x_wconf 67' lang='lat' dir='ltr'><strong>rejectio</strong></span> <span class='ocrx_word' id='word_1_87' title='bbox 1426 1716 1566 1778; x_wconf 88' lang='lat' dir='ltr'><strong>veri</strong></span> <span class='ocrx_word' id='word_1_88' title='bbox 1602 1734 1681 1778; x_wconf 88' lang='lat' dir='ltr'><strong>ac</strong></span> <span class='ocrx_word' id='word_1_89' title='bbox 1731 1714 1891 1778; x_wconf 92' lang='lat' dir='ltr'><strong>boni</strong></span> <span class='ocrx_word' id='word_1_90' title='bbox 1937 1713 2023 1778; x_wconf 90' lang='lat' dir='ltr'><strong>ab</strong></span> <span class='ocrx_word' id='word_1_91' title='bbox 2060 1714 2356 1788; x_wconf 86' lang='lat' dir='ltr'><strong>homine,</strong></span> <span class='ocrx_word' id='word_1_92' title='bbox 2396 1723 2469 1777; x_wconf 91' lang='lat' dir='ltr'><strong>et</strong></span> <span class='ocrx_word' id='word_1_93' title='bbox 2506 1733 2771 1777; x_wconf 89' lang='lat' dir='ltr'><strong>summa</strong></span> 
     </span>
     <span class='ocr_line' id='line_1_12' title="bbox 529 1805 2768 1892; baseline 0.001 -22"><span class='ocrx_word' id='word_1_94' title='bbox 529 1805 804 1888; x_wconf 69' lang='lat' dir='ltr'><strong>rejeEtio</strong></span> <span class='ocrx_word' id='word_1_95' title='bbox 846 1808 934 1872; x_wconf 88' lang='lat' dir='ltr'><strong>ab</strong></span> <span class='ocrx_word' id='word_1_96' title='bbox 971 1809 1090 1873; x_wconf 92' lang='lat' dir='ltr'><strong>illo</strong></span> <span class='ocrx_word' id='word_1_97' title='bbox 1135 1819 1242 1872; x_wconf 88' lang='lat' dir='ltr'><strong>est</strong></span> <span class='ocrx_word' id='word_1_98' title='bbox 1286 1807 1669 1873; x_wconf 80' lang='lat' dir='ltr'><strong>falsificatio</strong></span> <span class='ocrx_word' id='word_1_99' title='bbox 1705 1828 1943 1872; x_wconf 88' lang='lat' dir='ltr'><strong>sensus</strong></span> <span class='ocrx_word' id='word_1_100' title='bbox 1988 1807 2261 1872; x_wconf 88' lang='lat' dir='ltr'><strong>litterae</strong></span> <span class='ocrx_word' id='word_1_101' title='bbox 2301 1807 2513 1872; x_wconf 88' lang='lat' dir='ltr'><strong>Verbi</strong></span> <span class='ocrx_word' id='word_1_102' title='bbox 2560 1829 2768 1892; x_wconf 89' lang='lat' dir='ltr'><strong>usque</strong></span> 
     </span>
     <span class='ocr_line' id='line_1_13' title="bbox 530 1901 2770 1986; baseline 0 -20"><span class='ocrx_word' id='word_1_103' title='bbox 530 1903 617 1966; x_wconf 88' lang='lat' dir='ltr'><strong>ad</strong></span> <span class='ocrx_word' id='word_1_104' title='bbox 655 1901 1188 1968; x_wconf 61' lang='lat' dir='ltr'><strong>destructionem</strong></span> <span class='ocrx_word' id='word_1_105' title='bbox 1227 1905 1365 1967; x_wconf 89' lang='lat' dir='ltr'><strong>veri</strong></span> <span class='ocrx_word' id='word_1_106' title='bbox 1411 1904 1795 1985; x_wconf 83' lang='lat' dir='ltr'><strong>spiritualis,</strong></span> <span class='ocrx_word' id='word_1_107' title='bbox 1835 1923 1953 1967; x_wconf 84' lang='lat' dir='ltr'><strong>seu</strong></span> <span class='ocrx_word' id='word_1_108' title='bbox 1988 1903 2212 1966; x_wconf 87' lang='lat' dir='ltr'><strong>Divini</strong></span> <span class='ocrx_word' id='word_1_109' title='bbox 2244 1901 2409 1966; x_wconf 89' lang='lat' dir='ltr'><strong>Veri</strong></span> <span class='ocrx_word' id='word_1_110' title='bbox 2446 1902 2627 1986; x_wconf 93' lang='lat' dir='ltr'><strong>quod</strong></span> <span class='ocrx_word' id='word_1_111' title='bbox 2664 1913 2770 1967; x_wconf 89' lang='lat' dir='ltr'><strong>est</strong></span> 
     </span>
     <span class='ocr_line' id='line_1_14' title="bbox 530 1997 2773 2080; baseline -0 -18"><span class='ocrx_word' id='word_1_112' title='bbox 530 1999 598 2062; x_wconf 88' lang='lat' dir='ltr'><strong>in</strong></span> <span class='ocrx_word' id='word_1_113' title='bbox 647 1998 878 2076; x_wconf 89' lang='lat' dir='ltr'><strong>caelo;</strong></span> <span class='ocrx_word' id='word_1_114' title='bbox 933 1999 1118 2080; x_wconf 90' lang='lat' dir='ltr'><strong>quod</strong></span> <span class='ocrx_word' id='word_1_115' title='bbox 1163 1998 1334 2061; x_wconf 86' lang='lat' dir='ltr'><strong>haec</strong></span> <span class='ocrx_word' id='word_1_116' title='bbox 1379 1997 1764 2062; x_wconf 80' lang='lat' dir='ltr'><strong>falsificatio</strong></span> <span class='ocrx_word' id='word_1_117' title='bbox 1807 1999 2085 2062; x_wconf 89' lang='lat' dir='ltr'><strong>claudat</strong></span> <span class='ocrx_word' id='word_1_118' title='bbox 2132 1997 2415 2074; x_wconf 89' lang='lat' dir='ltr'><strong>caelum,</strong></span> <span class='ocrx_word' id='word_1_119' title='bbox 2462 1997 2773 2061; x_wconf 85' lang='lat' dir='ltr'><strong>videatur</strong></span> 
     </span>
     <span class='ocr_line' id='line_1_15' title="bbox 537 2090 2770 2174; baseline -0 -20"><span class='ocrx_word' id='word_1_120' title='bbox 537 2091 796 2174; x_wconf 91' lang='lat' dir='ltr'><strong>[supra]</strong></span> <span class='ocrx_word' id='word_1_121' title='bbox 827 2108 895 2165; x_wconf 88' lang='lat' dir='ltr'><strong>(n.</strong></span> <span class='ocrx_word' id='word_1_122' title='bbox 916 2093 1086 2166; x_wconf 90' lang='lat'><strong>888).</strong></span> <span class='ocrx_word' id='word_1_123' title='bbox 1174 2090 1410 2154; x_wconf 90' lang='lat' dir='ltr'><strong>Etiam</strong></span> <span class='ocrx_word' id='word_1_124' title='bbox 1453 2091 1554 2154; x_wconf 92' lang='lat' dir='ltr'><strong>illi</strong></span> <span class='ocrx_word' id='word_1_125' title='bbox 1599 2092 1711 2173; x_wconf 89' lang='lat' dir='ltr'><strong>qui</strong></span> <span class='ocrx_word' id='word_1_126' title='bbox 1757 2092 1826 2154; x_wconf 91' lang='lat' dir='ltr'><strong>in</strong></span> <span class='ocrx_word' id='word_1_127' title='bbox 1870 2091 2057 2155; x_wconf 89' lang='lat' dir='ltr'><strong>malo</strong></span> <span class='ocrx_word' id='word_1_128' title='bbox 2102 2101 2284 2166; x_wconf 90' lang='lat' dir='ltr'><strong>sunt,</strong></span> <span class='ocrx_word' id='word_1_129' title='bbox 2321 2092 2390 2153; x_wconf 89' lang='lat' dir='ltr'><strong>in</strong></span> <span class='ocrx_word' id='word_1_130' title='bbox 2433 2111 2571 2174; x_wconf 89' lang='lat' dir='ltr'><strong>quo</strong></span> <span class='ocrx_word' id='word_1_131' title='bbox 2611 2102 2770 2153; x_wconf 90' lang='lat' dir='ltr'><strong>sunt</strong></span> 
     </span>
     <span class='ocr_line' id='line_1_16' title="bbox 531 2182 2772 2266; baseline -0 -19"><span class='ocrx_word' id='word_1_132' title='bbox 531 2203 768 2247; x_wconf 90' lang='lat' dir='ltr'><strong>omnes</strong></span> <span class='ocrx_word' id='word_1_133' title='bbox 805 2185 916 2266; x_wconf 91' lang='lat' dir='ltr'><strong>qui</strong></span> <span class='ocrx_word' id='word_1_134' title='bbox 963 2204 1099 2247; x_wconf 90' lang='lat' dir='ltr'><strong>non</strong></span> <span class='ocrx_word' id='word_1_135' title='bbox 1137 2185 1206 2248; x_wconf 90' lang='lat' dir='ltr'><strong>in</strong></span> <span class='ocrx_word' id='word_1_136' title='bbox 1244 2182 1428 2248; x_wconf 89' lang='lat' dir='ltr'><strong>bono</strong></span> <span class='ocrx_word' id='word_1_137' title='bbox 1461 2183 1815 2248; x_wconf 88' lang='lat' dir='ltr'><strong>charitatis</strong></span> <span class='ocrx_word' id='word_1_138' title='bbox 1852 2193 2033 2258; x_wconf 87' lang='lat' dir='ltr'><strong>sunt,</strong></span> <span class='ocrx_word' id='word_1_139' title='bbox 2074 2202 2211 2247; x_wconf 90' lang='lat' dir='ltr'><strong>non</strong></span> <span class='ocrx_word' id='word_1_140' title='bbox 2250 2192 2536 2266; x_wconf 86' lang='lat' dir='ltr'><strong>possunt</strong></span> <span class='ocrx_word' id='word_1_141' title='bbox 2572 2183 2772 2246; x_wconf 88' lang='lat' dir='ltr'><strong>aliter</strong></span> 
     </span>
     <span class='ocr_line' id='line_1_17' title="bbox 530 2277 2772 2360; baseline 0 -20"><span class='ocrx_word' id='word_1_142' title='bbox 530 2297 733 2360; x_wconf 89' lang='lat' dir='ltr'><strong>quam</strong></span> <span class='ocrx_word' id='word_1_143' title='bbox 771 2277 1142 2360; x_wconf 88' lang='lat' dir='ltr'><strong>producere</strong></span> <span class='ocrx_word' id='word_1_144' title='bbox 1173 2277 1380 2356; x_wconf 80' lang='lat' dir='ltr'><strong>salsa3</strong></span> <span class='ocrx_word' id='word_1_145' title='bbox 1430 2296 1586 2341; x_wconf 90' lang='lat' dir='ltr'><strong>nam</strong></span> <span class='ocrx_word' id='word_1_146' title='bbox 1621 2279 1795 2341; x_wconf 85' lang='lat' dir='ltr'><strong>sicut</strong></span> <span class='ocrx_word' id='word_1_147' title='bbox 1832 2279 2086 2342; x_wconf 89' lang='lat' dir='ltr'><strong>bonum</strong></span> <span class='ocrx_word' id='word_1_148' title='bbox 2120 2277 2432 2360; x_wconf 88' lang='lat' dir='ltr'><strong>producit</strong></span> <span class='ocrx_word' id='word_1_149' title='bbox 2462 2297 2643 2352; x_wconf 87' lang='lat' dir='ltr'><strong>vera,</strong></span> <span class='ocrx_word' id='word_1_150' title='bbox 2676 2278 2772 2340; x_wconf 90' lang='lat' dir='ltr'><strong>ita</strong></span> 
     </span>
     <span class='ocr_line' id='line_1_18' title="bbox 531 2370 2773 2454; baseline -0.001 -18"><span class='ocrx_word' id='word_1_151' title='bbox 531 2372 784 2436; x_wconf 89' lang='lat' dir='ltr'><strong>malum</strong></span> <span class='ocrx_word' id='word_1_152' title='bbox 818 2372 1127 2453; x_wconf 88' lang='lat' dir='ltr'><strong>producit</strong></span> <span class='ocrx_word' id='word_1_153' title='bbox 1159 2372 1345 2436; x_wconf 81' lang='lat' dir='ltr'><strong>falsa.</strong></span> <span class='ocrx_word' id='word_1_154' title='bbox 1436 2370 1640 2454; x_wconf 84' lang='lat' dir='ltr'><strong>Quod</strong></span> <span class='ocrx_word' id='word_1_155' title='bbox 1676 2371 2033 2436; x_wconf 89' lang='lat' dir='ltr'><strong>“torcular</strong></span> <span class='ocrx_word' id='word_1_156' title='bbox 2061 2373 2197 2435; x_wconf 90' lang='lat' dir='ltr'><strong>irae</strong></span> <span class='ocrx_word' id='word_1_157' title='bbox 2237 2371 2366 2434; x_wconf 89' lang='lat' dir='ltr'><strong>Dei</strong></span> <span class='ocrx_word' id='word_1_158' title='bbox 2402 2391 2725 2454; x_wconf 86' lang='lat' dir='ltr'><strong>magnum</strong></span> <span class='ocrx_word' id='word_1_159' title='bbox 2742 2370 2773 2396; x_wconf 80' lang='lat'><strong>&#39;⁹</strong></span> 
     </span>
     <span class='ocr_line' id='line_1_19' title="bbox 531 2466 2772 2550; baseline 0 -20"><span class='ocrx_word' id='word_1_160' title='bbox 531 2469 738 2530; x_wconf 88' lang='lat' dir='ltr'><strong>etiam</strong></span> <span class='ocrx_word' id='word_1_161' title='bbox 763 2466 1098 2548; x_wconf 86' lang='lat' dir='ltr'><strong>significet</strong></span> <span class='ocrx_word' id='word_1_162' title='bbox 1121 2467 1657 2542; x_wconf 86' lang='lat' dir='ltr'><strong>damnationem,</strong></span> <span class='ocrx_word' id='word_1_163' title='bbox 1685 2477 1790 2531; x_wconf 88' lang='lat' dir='ltr'><strong>est</strong></span> <span class='ocrx_word' id='word_1_164' title='bbox 1814 2468 1970 2550; x_wconf 88' lang='lat' dir='ltr'><strong>quia</strong></span> <span class='ocrx_word' id='word_1_165' title='bbox 1994 2466 2061 2531; x_wconf 92' lang='lat' dir='ltr'><strong>id</strong></span> <span class='ocrx_word' id='word_1_166' title='bbox 2094 2478 2204 2530; x_wconf 87' lang='lat' dir='ltr'><strong>est</strong></span> <span class='ocrx_word' id='word_1_167' title='bbox 2227 2485 2672 2548; x_wconf 76' lang='lat' dir='ltr'><strong>consequenS,</strong></span> <span class='ocrx_word' id='word_1_168' title='bbox 2701 2475 2772 2530; x_wconf 91' lang='lat' dir='ltr'><strong>et</strong></span> 
     </span>
     <span class='ocr_line' id='line_1_20' title="bbox 530 2557 2773 2644; baseline -0 -21"><span class='ocrx_word' id='word_1_169' title='bbox 530 2561 686 2644; x_wconf 89' lang='lat' dir='ltr'><strong>quia</strong></span> <span class='ocrx_word' id='word_1_170' title='bbox 715 2560 958 2625; x_wconf 91' lang='lat' dir='ltr'><strong>dicitur</strong></span> <span class='ocrx_word' id='word_1_171' title='bbox 983 2562 1142 2624; x_wconf 87' lang='lat' dir='ltr'><strong>“ira</strong></span> <span class='ocrx_word' id='word_1_172' title='bbox 1175 2560 1362 2637; x_wconf 88' lang='lat' dir='ltr'><strong>Dei,”</strong></span> <span class='ocrx_word' id='word_1_173' title='bbox 1385 2570 1457 2624; x_wconf 91' lang='lat' dir='ltr'><strong>et</strong></span> <span class='ocrx_word' id='word_1_174' title='bbox 1493 2561 1849 2625; x_wconf 84' lang='lat' dir='ltr'><strong>“torcular</strong></span> <span class='ocrx_word' id='word_1_175' title='bbox 1880 2560 2261 2643; x_wconf 84' lang='lat' dir='ltr'><strong>magnum.”</strong></span> <span class='ocrx_word' id='word_1_176' title='bbox 2332 2557 2539 2642; x_wconf 84' lang='lat' dir='ltr'><strong>Quod</strong></span> <span class='ocrx_word' id='word_1_177' title='bbox 2572 2563 2773 2624; x_wconf 83' lang='lat' dir='ltr'><strong>“tor-</strong></span> 
     </span>
     <span class='ocr_line' id='line_1_21' title="bbox 531 2653 2769 2738; baseline 0 -21"><span class='ocrx_word' id='word_1_178' title='bbox 531 2654 762 2718; x_wconf 87' lang='lat' dir='ltr'><strong>cular&#39;’</strong></span> <span class='ocrx_word' id='word_1_179' title='bbox 785 2654 902 2718; x_wconf 89' lang='lat' dir='ltr'><strong>illa</strong></span> <span class='ocrx_word' id='word_1_180' title='bbox 931 2677 1105 2738; x_wconf 88' lang='lat' dir='ltr'><strong>quae</strong></span> <span class='ocrx_word' id='word_1_181' title='bbox 1139 2675 1316 2718; x_wconf 89' lang='lat' dir='ltr'><strong>nunc</strong></span> <span class='ocrx_word' id='word_1_182' title='bbox 1347 2653 1530 2720; x_wconf 68' lang='lat' dir='ltr'><strong>diEta</strong></span> <span class='ocrx_word' id='word_1_183' title='bbox 1561 2665 1720 2720; x_wconf 92' lang='lat' dir='ltr'><strong>sunt</strong></span> <span class='ocrx_word' id='word_1_184' title='bbox 1752 2654 2111 2738; x_wconf 85' lang='lat' dir='ltr'><strong>significet,</strong></span> <span class='ocrx_word' id='word_1_185' title='bbox 2144 2656 2211 2718; x_wconf 90' lang='lat' dir='ltr'><strong>in</strong></span> <span class='ocrx_word' id='word_1_186' title='bbox 2244 2664 2575 2737; x_wconf 87' lang='lat' dir='ltr'><strong>sequente</strong></span> <span class='ocrx_word' id='word_1_187' title='bbox 2606 2655 2769 2718; x_wconf 86' lang='lat' dir='ltr'><strong>arti-</strong></span> 
     </span>
     <span class='ocr_line' id='line_1_22' title="bbox 530 2749 2769 2831; baseline -0 -18"><span class='ocrx_word' id='word_1_188' title='bbox 530 2749 686 2813; x_wconf 90' lang='lat' dir='ltr'><strong>culo</strong></span> <span class='ocrx_word' id='word_1_189' title='bbox 708 2771 798 2814; x_wconf 85' lang='lat' dir='ltr'><strong>ex</strong></span> <span class='ocrx_word' id='word_1_190' title='bbox 825 2749 1060 2814; x_wconf 88' lang='lat' dir='ltr'><strong>Verbo</strong></span> <span class='ocrx_word' id='word_1_191' title='bbox 1085 2750 1608 2814; x_wconf 85' lang='lat' dir='ltr'><strong>confirmabitur.</strong></span> <span class='ocrx_word' id='word_1_192' title='bbox 1684 2749 1918 2813; x_wconf 88' lang='lat' dir='ltr'><strong>Paucis</strong></span> <span class='ocrx_word' id='word_1_193' title='bbox 1942 2750 2049 2812; x_wconf 86' lang='lat' dir='ltr'><strong>hic</strong></span> <span class='ocrx_word' id='word_1_194' title='bbox 2074 2750 2337 2813; x_wconf 87' lang='lat' dir='ltr'><strong>dicetur</strong></span> <span class='ocrx_word' id='word_1_195' title='bbox 2361 2751 2449 2814; x_wconf 88' lang='lat' dir='ltr'><strong>de</strong></span> <span class='ocrx_word' id='word_1_196' title='bbox 2481 2749 2769 2831; x_wconf 87' lang='lat' dir='ltr'><strong>produc-</strong></span> 
     </span>
     <span class='ocr_line' id='line_1_23' title="bbox 531 2843 2766 2927; baseline -0.001 -19"><span class='ocrx_word' id='word_1_197' title='bbox 531 2845 717 2908; x_wconf 86' lang='lat' dir='ltr'><strong>tione</strong></span> <span class='ocrx_word' id='word_1_198' title='bbox 749 2845 886 2907; x_wconf 89' lang='lat' dir='ltr'><strong>veri</strong></span> <span class='ocrx_word' id='word_1_199' title='bbox 920 2865 1010 2908; x_wconf 88' lang='lat' dir='ltr'><strong>ex</strong></span> <span class='ocrx_word' id='word_1_200' title='bbox 1043 2846 1247 2920; x_wconf 83' lang='lat' dir='ltr'><strong>bone,</strong></span> <span class='ocrx_word' id='word_1_201' title='bbox 1282 2855 1354 2908; x_wconf 89' lang='lat' dir='ltr'><strong>et</strong></span> <span class='ocrx_word' id='word_1_202' title='bbox 1385 2864 1653 2927; x_wconf 91' lang='lat' dir='ltr'><strong>quoque</strong></span> <span class='ocrx_word' id='word_1_203' title='bbox 1686 2843 1832 2908; x_wconf 82' lang='lat' dir='ltr'><strong>falsi</strong></span> <span class='ocrx_word' id='word_1_204' title='bbox 1862 2865 1953 2908; x_wconf 86' lang='lat' dir='ltr'><strong>ex</strong></span> <span class='ocrx_word' id='word_1_205' title='bbox 1988 2845 2190 2919; x_wconf 89' lang='lat' dir='ltr'><strong>malo,</strong></span> <span class='ocrx_word' id='word_1_206' title='bbox 2218 2865 2391 2926; x_wconf 88' lang='lat' dir='ltr'><strong>quae</strong></span> <span class='ocrx_word' id='word_1_207' title='bbox 2424 2863 2545 2926; x_wconf 87' lang='lat' dir='ltr'><strong>per</strong></span> <span class='ocrx_word' id='word_1_208' title='bbox 2571 2849 2766 2907; x_wconf 88' lang='lat' dir='ltr'><strong>“tor-</strong></span> 
     </span>
     <span class='ocr_line' id='line_1_24' title="bbox 530 2937 2770 3021; baseline -0.001 -17"><span class='ocrx_word' id='word_1_209' title='bbox 530 2937 760 3004; x_wconf 89' lang='lat' dir='ltr'><strong>cular’&#39;</strong></span> <span class='ocrx_word' id='word_1_210' title='bbox 784 2939 852 3002; x_wconf 90' lang='lat' dir='ltr'><strong>in</strong></span> <span class='ocrx_word' id='word_1_211' title='bbox 884 2938 1210 3020; x_wconf 88' lang='lat' dir='ltr'><strong>spirituali</strong></span> <span class='ocrx_word' id='word_1_212' title='bbox 1235 2959 1438 3002; x_wconf 83' lang='lat' dir='ltr'><strong>sensu</strong></span> <span class='ocrx_word' id='word_1_213' title='bbox 1462 2937 1899 3021; x_wconf 87' lang='lat' dir='ltr'><strong>significatur.</strong></span> <span class='ocrx_word' id='word_1_214' title='bbox 1990 2937 2455 3002; x_wconf 63' lang='lat' dir='ltr'><strong>Productionis</strong></span> <span class='ocrx_word' id='word_1_215' title='bbox 2478 2939 2669 3021; x_wconf 88' lang='lat' dir='ltr'><strong>origo</strong></span> <span class='ocrx_word' id='word_1_216' title='bbox 2700 2949 2770 3002; x_wconf 90' lang='lat' dir='ltr'><strong>et</strong></span> 
     </span>
     <span class='ocr_line' id='line_1_25' title="bbox 530 3032 2774 3116; baseline 0 -20"><span class='ocrx_word' id='word_1_217' title='bbox 530 3053 734 3097; x_wconf 89' lang='lat' dir='ltr'><strong>causa</strong></span> <span class='ocrx_word' id='word_1_218' title='bbox 779 3044 906 3108; x_wconf 89' lang='lat' dir='ltr'><strong>est,</strong></span> <span class='ocrx_word' id='word_1_219' title='bbox 946 3035 1101 3116; x_wconf 91' lang='lat' dir='ltr'><strong>quia</strong></span> <span class='ocrx_word' id='word_1_220' title='bbox 1148 3053 1351 3097; x_wconf 88' lang='lat' dir='ltr'><strong>omne</strong></span> <span class='ocrx_word' id='word_1_221' title='bbox 1397 3032 1650 3097; x_wconf 91' lang='lat' dir='ltr'><strong>bonum</strong></span> <span class='ocrx_word' id='word_1_222' title='bbox 1700 3043 1806 3097; x_wconf 88' lang='lat' dir='ltr'><strong>est</strong></span> <span class='ocrx_word' id='word_1_223' title='bbox 1851 3035 2121 3108; x_wconf 79' lang='lat' dir='ltr'><strong>amoriS,</strong></span> <span class='ocrx_word' id='word_1_224' title='bbox 2162 3045 2233 3098; x_wconf 91' lang='lat' dir='ltr'><strong>et</strong></span> <span class='ocrx_word' id='word_1_225' title='bbox 2280 3033 2463 3116; x_wconf 90' lang='lat' dir='ltr'><strong>quod</strong></span> <span class='ocrx_word' id='word_1_226' title='bbox 2508 3043 2774 3098; x_wconf 88' lang='lat' dir='ltr'><strong>amatur</strong></span> 
     </span>
     <span class='ocr_line' id='line_1_26' title="bbox 531 3127 2769 3212; baseline -0.001 -19"><span class='ocrx_word' id='word_1_227' title='bbox 531 3128 659 3193; x_wconf 87' lang='lat' dir='ltr'><strong>hoc</strong></span> <span class='ocrx_word' id='word_1_228' title='bbox 679 3127 1050 3209; x_wconf 90' lang='lat' dir='ltr'><strong>jucundum</strong></span> <span class='ocrx_word' id='word_1_229' title='bbox 1075 3139 1181 3192; x_wconf 88' lang='lat' dir='ltr'><strong>est</strong></span> <span class='ocrx_word' id='word_1_230' title='bbox 1207 3150 1222 3206; x_wconf 91' lang='grc'><strong>;</strong></span> <span class='ocrx_word' id='word_1_231' title='bbox 1263 3139 1333 3192; x_wconf 92' lang='lat' dir='ltr'><strong>et</strong></span> <span class='ocrx_word' id='word_1_232' title='bbox 1359 3130 1513 3212; x_wconf 89' lang='lat' dir='ltr'><strong>quia</strong></span> <span class='ocrx_word' id='word_1_233' title='bbox 1537 3127 1910 3209; x_wconf 91' lang='lat' dir='ltr'><strong>jucundum</strong></span> <span class='ocrx_word' id='word_1_234' title='bbox 1944 3139 2048 3192; x_wconf 92' lang='lat' dir='ltr'><strong>est</strong></span> <span class='ocrx_word' id='word_1_235' title='bbox 2074 3138 2347 3210; x_wconf 87' lang='lat' dir='ltr'><strong>gratum</strong></span> <span class='ocrx_word' id='word_1_236' title='bbox 2372 3148 2449 3191; x_wconf 87' lang='lat' dir='ltr'><strong>ac</strong></span> <span class='ocrx_word' id='word_1_237' title='bbox 2477 3128 2769 3209; x_wconf 88' lang='lat' dir='ltr'><strong>permul-</strong></span> 
     </span>
     <span class='ocr_line' id='line_1_27' title="bbox 531 3222 2769 3306; baseline 0 -19"><span class='ocrx_word' id='word_1_238' title='bbox 531 3232 663 3298; x_wconf 86' lang='lat' dir='ltr'><strong>cet,</strong></span> <span class='ocrx_word' id='word_1_239' title='bbox 697 3223 852 3287; x_wconf 91' lang='lat' dir='ltr'><strong>ideo</strong></span> <span class='ocrx_word' id='word_1_240' title='bbox 887 3224 1070 3306; x_wconf 90' lang='lat' dir='ltr'><strong>quod</strong></span> <span class='ocrx_word' id='word_1_241' title='bbox 1107 3225 1356 3286; x_wconf 88' lang='lat' dir='ltr'><strong>amoris</strong></span> <span class='ocrx_word' id='word_1_242' title='bbox 1385 3234 1492 3287; x_wconf 91' lang='lat' dir='ltr'><strong>est</strong></span> <span class='ocrx_word' id='word_1_243' title='bbox 1529 3224 1657 3286; x_wconf 91' lang='lat' dir='ltr'><strong>hoc</strong></span> <span class='ocrx_word' id='word_1_244' title='bbox 1696 3224 1905 3286; x_wconf 90' lang='lat' dir='ltr'><strong>homo</strong></span> <span class='ocrx_word' id='word_1_245' title='bbox 1940 3245 2028 3286; x_wconf 90' lang='lat' dir='ltr'><strong>ex</strong></span> <span class='ocrx_word' id='word_1_246' title='bbox 2060 3222 2361 3304; x_wconf 90' lang='lat' dir='ltr'><strong>jucundo</strong></span> <span class='ocrx_word' id='word_1_247' title='bbox 2396 3225 2660 3305; x_wconf 86' lang='lat' dir='ltr'><strong>cogitat</strong></span> <span class='ocrx_word' id='word_1_248' title='bbox 2698 3234 2769 3287; x_wconf 92' lang='lat' dir='ltr'><strong>et</strong></span> 
     </span>
     <span class='ocr_line' id='line_1_28' title="bbox 530 3317 2767 3400; baseline 0.001 -20"><span class='ocrx_word' id='word_1_249' title='bbox 530 3338 796 3400; x_wconf 88' lang='lat' dir='ltr'><strong>quoque</strong></span> <span class='ocrx_word' id='word_1_250' title='bbox 834 3317 1232 3396; x_wconf 85' lang='lat' dir='ltr'><strong>confirmat;</strong></span> <span class='ocrx_word' id='word_1_251' title='bbox 1282 3336 1456 3379; x_wconf 91' lang='lat' dir='ltr'><strong>nunc</strong></span> <span class='ocrx_word' id='word_1_252' title='bbox 1502 3318 1658 3399; x_wconf 89' lang='lat' dir='ltr'><strong>quia</strong></span> <span class='ocrx_word' id='word_1_253' title='bbox 1689 3337 1880 3380; x_wconf 89' lang='lat' dir='ltr'><strong>amor</strong></span> <span class='ocrx_word' id='word_1_254' title='bbox 1914 3329 1985 3382; x_wconf 90' lang='lat' dir='ltr'><strong>et</strong></span> <span class='ocrx_word' id='word_1_255' title='bbox 2031 3317 2172 3398; x_wconf 89' lang='lat' dir='ltr'><strong>ejus</strong></span> <span class='ocrx_word' id='word_1_256' title='bbox 2201 3317 2569 3400; x_wconf 91' lang='lat' dir='ltr'><strong>jucundum</strong></span> <span class='ocrx_word' id='word_1_257' title='bbox 2608 3317 2767 3382; x_wconf 82' lang='lat' dir='ltr'><strong>facit</strong></span> 
     </span>
     <span class='ocr_line' id='line_1_29' title="bbox 531 3411 2773 3494; baseline 0 -19"><span class='ocrx_word' id='word_1_258' title='bbox 531 3413 742 3476; x_wconf 87' lang='lat' dir='ltr'><strong>vitam</strong></span> <span class='ocrx_word' id='word_1_259' title='bbox 781 3413 1089 3487; x_wconf 79' lang='lat' dir='ltr'><strong>hominiS,</strong></span> <span class='ocrx_word' id='word_1_260' title='bbox 1130 3413 1286 3476; x_wconf 89' lang='lat' dir='ltr'><strong>ideo</strong></span> <span class='ocrx_word' id='word_1_261' title='bbox 1317 3412 1485 3476; x_wconf 87' lang='lat' dir='ltr'><strong>dum</strong></span> <span class='ocrx_word' id='word_1_262' title='bbox 1521 3412 1731 3476; x_wconf 89' lang='lat' dir='ltr'><strong>homo</strong></span> <span class='ocrx_word' id='word_1_263' title='bbox 1775 3433 1865 3476; x_wconf 84' lang='lat' dir='ltr'><strong>ex</strong></span> <span class='ocrx_word' id='word_1_264' title='bbox 1912 3431 2141 3475; x_wconf 88' lang='lat' dir='ltr'><strong>amore</strong></span> <span class='ocrx_word' id='word_1_265' title='bbox 2180 3422 2252 3476; x_wconf 91' lang='lat' dir='ltr'><strong>et</strong></span> <span class='ocrx_word' id='word_1_266' title='bbox 2298 3411 2437 3494; x_wconf 89' lang='lat' dir='ltr'><strong>ejus</strong></span> <span class='ocrx_word' id='word_1_267' title='bbox 2474 3411 2773 3494; x_wconf 88' lang='lat' dir='ltr'><strong>jucundo</strong></span> 
     </span>
     <span class='ocr_line' id='line_1_30' title="bbox 532 3507 2769 3589; baseline 0 -18"><span class='ocrx_word' id='word_1_268' title='bbox 532 3508 819 3588; x_wconf 85' lang='lat' dir='ltr'><strong>cogitat,</strong></span> <span class='ocrx_word' id='word_1_269' title='bbox 860 3518 1022 3570; x_wconf 90' lang='lat' dir='ltr'><strong>tunc</strong></span> <span class='ocrx_word' id='word_1_270' title='bbox 1070 3529 1159 3570; x_wconf 85' lang='lat' dir='ltr'><strong>ex</strong></span> <span class='ocrx_word' id='word_1_271' title='bbox 1207 3528 1279 3570; x_wconf 88' lang='lat' dir='ltr'><strong>se</strong></span> <span class='ocrx_word' id='word_1_272' title='bbox 1325 3518 1396 3570; x_wconf 89' lang='lat' dir='ltr'><strong>et</strong></span> <span class='ocrx_word' id='word_1_273' title='bbox 1441 3527 1530 3570; x_wconf 88' lang='lat' dir='ltr'><strong>ex</strong></span> <span class='ocrx_word' id='word_1_274' title='bbox 1577 3527 1700 3570; x_wconf 85' lang='lat' dir='ltr'><strong>sua</strong></span> <span class='ocrx_word' id='word_1_275' title='bbox 1744 3507 1888 3570; x_wconf 86' lang='lat' dir='ltr'><strong>vita</strong></span> <span class='ocrx_word' id='word_1_276' title='bbox 1932 3507 2235 3588; x_wconf 85' lang='lat' dir='ltr'><strong>cogitat:</strong></span> <span class='ocrx_word' id='word_1_277' title='bbox 2291 3507 2473 3589; x_wconf 93' lang='lat' dir='ltr'><strong>quod</strong></span> <span class='ocrx_word' id='word_1_278' title='bbox 2518 3508 2615 3570; x_wconf 90' lang='lat' dir='ltr'><strong>ita</strong></span> <span class='ocrx_word' id='word_1_279' title='bbox 2658 3509 2769 3582; x_wconf 86' lang='lat' dir='ltr'><strong>sit,</strong></span> 
     </span>
     <span class='ocr_line' id='line_1_31' title="bbox 533 3601 2773 3683; baseline 0 -19"><span class='ocrx_word' id='word_1_280' title='bbox 533 3602 887 3666; x_wconf 80' lang='lat' dir='ltr'><strong>manifeste</strong></span> <span class='ocrx_word' id='word_1_281' title='bbox 921 3613 1235 3666; x_wconf 87' lang='lat' dir='ltr'><strong>constare</strong></span> <span class='ocrx_word' id='word_1_282' title='bbox 1269 3611 1500 3683; x_wconf 88' lang='lat' dir='ltr'><strong>potest</strong></span> <span class='ocrx_word' id='word_1_283' title='bbox 1532 3621 1622 3663; x_wconf 86' lang='lat' dir='ltr'><strong>ex</strong></span> <span class='ocrx_word' id='word_1_284' title='bbox 1656 3601 2039 3664; x_wconf 90' lang='lat' dir='ltr'><strong>hominibus</strong></span> <span class='ocrx_word' id='word_1_285' title='bbox 2070 3611 2228 3682; x_wconf 90' lang='lat' dir='ltr'><strong>post</strong></span> <span class='ocrx_word' id='word_1_286' title='bbox 2260 3613 2575 3678; x_wconf 85' lang='lat' dir='ltr'><strong>mortem,</strong></span> <span class='ocrx_word' id='word_1_287' title='bbox 2611 3601 2773 3664; x_wconf 84' lang='lat' dir='ltr'><strong>dum</strong></span> 
     </span>
     <span class='ocr_line' id='line_1_32' title="bbox 532 3695 2773 3778; baseline 0 -20"><span class='ocrx_word' id='word_1_288' title='bbox 532 3695 703 3760; x_wconf 87' lang='lat' dir='ltr'><strong>fiunt</strong></span> <span class='ocrx_word' id='word_1_289' title='bbox 749 3698 1060 3778; x_wconf 87' lang='lat' dir='ltr'><strong>spiritus;</strong></span> <span class='ocrx_word' id='word_1_290' title='bbox 1115 3696 1212 3760; x_wconf 89' lang='lat' dir='ltr'><strong>illi</strong></span> <span class='ocrx_word' id='word_1_291' title='bbox 1261 3707 1424 3760; x_wconf 90' lang='lat' dir='ltr'><strong>tunc</strong></span> <span class='ocrx_word' id='word_1_292' title='bbox 1472 3695 1860 3759; x_wconf 87' lang='lat' dir='ltr'><strong>nullatenus</strong></span> <span class='ocrx_word' id='word_1_293' title='bbox 1908 3705 2191 3777; x_wconf 89' lang='lat' dir='ltr'><strong>possunt</strong></span> <span class='ocrx_word' id='word_1_294' title='bbox 2236 3696 2562 3777; x_wconf 86' lang='lat' dir='ltr'><strong>cogitare,</strong></span> <span class='ocrx_word' id='word_1_295' title='bbox 2609 3696 2773 3758; x_wconf 89' lang='lat' dir='ltr'><strong>dum</strong></span> 
     </span>
     <span class='ocr_line' id='line_1_33' title="bbox 533 3788 2773 3873; baseline -0 -18"><span class='ocrx_word' id='word_1_296' title='bbox 533 3812 625 3855; x_wconf 84' lang='lat' dir='ltr'><strong>ex</strong></span> <span class='ocrx_word' id='word_1_297' title='bbox 661 3813 756 3868; x_wconf 90' lang='lat' dir='ltr'><strong>se,</strong></span> <span class='ocrx_word' id='word_1_298' title='bbox 793 3793 916 3854; x_wconf 89' lang='lat' dir='ltr'><strong>nisi</strong></span> <span class='ocrx_word' id='word_1_299' title='bbox 955 3813 1044 3854; x_wconf 88' lang='lat' dir='ltr'><strong>ex</strong></span> <span class='ocrx_word' id='word_1_300' title='bbox 1077 3812 1200 3855; x_wconf 89' lang='lat' dir='ltr'><strong>suo</strong></span> <span class='ocrx_word' id='word_1_301' title='bbox 1231 3809 1482 3866; x_wconf 89' lang='lat' dir='ltr'><strong>amore,</strong></span> <span class='ocrx_word' id='word_1_302' title='bbox 1515 3791 1675 3873; x_wconf 90' lang='lat' dir='ltr'><strong>quia</strong></span> <span class='ocrx_word' id='word_1_303' title='bbox 1704 3800 1857 3854; x_wconf 88' lang='lat' dir='ltr'><strong>tota</strong></span> <span class='ocrx_word' id='word_1_304' title='bbox 1892 3788 2160 3853; x_wconf 90' lang='lat' dir='ltr'><strong>illorum</strong></span> <span class='ocrx_word' id='word_1_305' title='bbox 2192 3791 2335 3854; x_wconf 88' lang='lat' dir='ltr'><strong>vita</strong></span> <span class='ocrx_word' id='word_1_306' title='bbox 2365 3802 2475 3854; x_wconf 88' lang='lat' dir='ltr'><strong>est</strong></span> <span class='ocrx_word' id='word_1_307' title='bbox 2504 3790 2773 3854; x_wconf 86' lang='lat' dir='ltr'><strong>illorum</strong></span> 
     </span>
     <span class='ocr_line' id='line_1_34' title="bbox 533 3884 2775 3968; baseline -0.001 -17"><span class='ocrx_word' id='word_1_308' title='bbox 533 3906 744 3951; x_wconf 88' lang='lat' dir='ltr'><strong>amor.</strong></span> <span class='ocrx_word' id='word_1_309' title='bbox 834 3884 1174 3968; x_wconf 83' lang='lat' dir='ltr'><strong>Quoniam</strong></span> <span class='ocrx_word' id='word_1_310' title='bbox 1219 3886 1448 3968; x_wconf 88' lang='lat' dir='ltr'><strong>itaque</strong></span> <span class='ocrx_word' id='word_1_311' title='bbox 1493 3884 1750 3948; x_wconf 89' lang='lat' dir='ltr'><strong>bonum</strong></span> <span class='ocrx_word' id='word_1_312' title='bbox 1796 3895 1901 3948; x_wconf 90' lang='lat' dir='ltr'><strong>est</strong></span> <span class='ocrx_word' id='word_1_313' title='bbox 1946 3885 2215 3958; x_wconf 85' lang='lat' dir='ltr'><strong>amoris,</strong></span> <span class='ocrx_word' id='word_1_314' title='bbox 2266 3895 2337 3948; x_wconf 90' lang='lat' dir='ltr'><strong>et</strong></span> <span class='ocrx_word' id='word_1_315' title='bbox 2389 3904 2621 3947; x_wconf 89' lang='lat' dir='ltr'><strong>verum</strong></span> <span class='ocrx_word' id='word_1_316' title='bbox 2666 3895 2775 3948; x_wconf 87' lang='lat' dir='ltr'><strong>est</strong></span> 
     </span>
     <span class='ocr_line' id='line_1_35' title="bbox 535 3977 2773 4064; baseline -0.001 -19"><span class='ocrx_word' id='word_1_317' title='bbox 535 3981 994 4064; x_wconf 81' lang='lat' dir='ltr'><strong>cogitationiS,</strong></span> <span class='ocrx_word' id='word_1_318' title='bbox 1044 3989 1237 4061; x_wconf 90' lang='lat' dir='ltr'><strong>patet</strong></span> <span class='ocrx_word' id='word_1_319' title='bbox 1292 3979 1637 4061; x_wconf 91' lang='lat' dir='ltr'><strong>quomodo</strong></span> <span class='ocrx_word' id='word_1_320' title='bbox 1688 3998 1920 4042; x_wconf 90' lang='lat' dir='ltr'><strong>verum</strong></span> <span class='ocrx_word' id='word_1_321' title='bbox 1976 3978 2369 4060; x_wconf 86' lang='lat' dir='ltr'><strong>producitur</strong></span> <span class='ocrx_word' id='word_1_322' title='bbox 2420 3998 2510 4041; x_wconf 87' lang='lat' dir='ltr'><strong>ex</strong></span> <span class='ocrx_word' id='word_1_323' title='bbox 2572 3977 2773 4042; x_wconf 77' lang='lat' dir='ltr'><strong>bono·</strong></span> 
     </span>
     <span class='ocr_line' id='line_1_36' title="bbox 535 4072 2775 4158; baseline -0.002 -18"><span class='ocrx_word' id='word_1_324' title='bbox 535 4075 764 4141; x_wconf 88' lang='lat' dir='ltr'><strong>Simile</strong></span> <span class='ocrx_word' id='word_1_325' title='bbox 818 4076 1000 4158; x_wconf 88' lang='lat' dir='ltr'><strong>quod</strong></span> <span class='ocrx_word' id='word_1_326' title='bbox 1053 4072 1306 4138; x_wconf 63' lang='lat' dir='ltr'><strong>dictum</strong></span> <span class='ocrx_word' id='word_1_327' title='bbox 1360 4084 1465 4137; x_wconf 89' lang='lat' dir='ltr'><strong>est</strong></span> <span class='ocrx_word' id='word_1_328' title='bbox 1520 4073 1604 4137; x_wconf 89' lang='lat' dir='ltr'><strong>de</strong></span> <span class='ocrx_word' id='word_1_329' title='bbox 1659 4074 1842 4137; x_wconf 92' lang='lat' dir='ltr'><strong>bono</strong></span> <span class='ocrx_word' id='word_1_330' title='bbox 1895 4084 1965 4137; x_wconf 91' lang='lat' dir='ltr'><strong>et</strong></span> <span class='ocrx_word' id='word_1_331' title='bbox 2019 4093 2202 4148; x_wconf 89' lang='lat' dir='ltr'><strong>ver0,</strong></span> <span class='ocrx_word' id='word_1_332' title='bbox 2250 4072 2612 4136; x_wconf 90' lang='lat' dir='ltr'><strong>dicendum</strong></span> <span class='ocrx_word' id='word_1_333' title='bbox 2666 4083 2775 4136; x_wconf 89' lang='lat' dir='ltr'><strong>est</strong></span> 
     </span>
     <span class='ocr_line' id='line_1_37' title="bbox 535 4166 2777 4249; baseline -0.002 -14"><span class='ocrx_word' id='word_1_334' title='bbox 535 4172 620 4236; x_wconf 90' lang='lat' dir='ltr'><strong>de</strong></span> <span class='ocrx_word' id='word_1_335' title='bbox 674 4171 1030 4235; x_wconf 90' lang='lat' dir='ltr'><strong>voluntate</strong></span> <span class='ocrx_word' id='word_1_336' title='bbox 1084 4179 1155 4232; x_wconf 90' lang='lat' dir='ltr'><strong>et</strong></span> <span class='ocrx_word' id='word_1_337' title='bbox 1211 4166 1601 4247; x_wconf 67' lang='lat' dir='ltr'><strong>intelleEtu3</strong></span> <span class='ocrx_word' id='word_1_338' title='bbox 1672 4188 1874 4233; x_wconf 91' lang='lat' dir='ltr'><strong>omne</strong></span> <span class='ocrx_word' id='word_1_339' title='bbox 1927 4169 2103 4232; x_wconf 91' lang='lat' dir='ltr'><strong>enim</strong></span> <span class='ocrx_word' id='word_1_340' title='bbox 2160 4169 2413 4231; x_wconf 89' lang='lat' dir='ltr'><strong>bonum</strong></span> <span class='ocrx_word' id='word_1_341' title='bbox 2467 4169 2618 4249; x_wconf 91' lang='lat' dir='ltr'><strong>quia</strong></span> <span class='ocrx_word' id='word_1_342' title='bbox 2670 4178 2777 4231; x_wconf 89' lang='lat' dir='ltr'><strong>est</strong></span> 
     </span>
     <span class='ocr_line' id='line_1_38' title="bbox 535 4264 2777 4345; baseline -0.003 -14"><span class='ocrx_word' id='word_1_343' title='bbox 535 4268 782 4331; x_wconf 89' lang='lat' dir='ltr'><strong>amoris</strong></span> <span class='ocrx_word' id='word_1_344' title='bbox 827 4275 932 4330; x_wconf 90' lang='lat' dir='ltr'><strong>est</strong></span> <span class='ocrx_word' id='word_1_345' title='bbox 979 4265 1375 4339; x_wconf 74' lang='lat' dir='ltr'><strong>voluntatis„</strong></span> <span class='ocrx_word' id='word_1_346' title='bbox 1423 4273 1495 4328; x_wconf 93' lang='lat' dir='ltr'><strong>et</strong></span> <span class='ocrx_word' id='word_1_347' title='bbox 1548 4284 1751 4328; x_wconf 89' lang='lat' dir='ltr'><strong>omne</strong></span> <span class='ocrx_word' id='word_1_348' title='bbox 1804 4281 2037 4327; x_wconf 90' lang='lat' dir='ltr'><strong>verum</strong></span> <span class='ocrx_word' id='word_1_349' title='bbox 2089 4283 2179 4327; x_wconf 85' lang='lat' dir='ltr'><strong>ex</strong></span> <span class='ocrx_word' id='word_1_350' title='bbox 2234 4264 2418 4326; x_wconf 90' lang='lat' dir='ltr'><strong>bono</strong></span> <span class='ocrx_word' id='word_1_351' title='bbox 2462 4264 2618 4345; x_wconf 88' lang='lat' dir='ltr'><strong>quia</strong></span> <span class='ocrx_word' id='word_1_352' title='bbox 2669 4273 2777 4326; x_wconf 90' lang='lat' dir='ltr'><strong>est</strong></span> 
     </span>
     <span class='ocr_line' id='line_1_39' title="bbox 533 4356 2775 4444; baseline -0.003 -18"><span class='ocrx_word' id='word_1_353' title='bbox 533 4361 970 4444; x_wconf 88' lang='lat' dir='ltr'><strong>cogitationis</strong></span> <span class='ocrx_word' id='word_1_354' title='bbox 1007 4369 1112 4422; x_wconf 88' lang='lat' dir='ltr'><strong>est</strong></span> <span class='ocrx_word' id='word_1_355' title='bbox 1149 4356 1579 4436; x_wconf 69' lang='lat' dir='ltr'><strong>intelleEtus3</strong></span> <span class='ocrx_word' id='word_1_356' title='bbox 1638 4377 1795 4422; x_wconf 88' lang='lat' dir='ltr'><strong>nam</strong></span> <span class='ocrx_word' id='word_1_357' title='bbox 1830 4358 2150 4422; x_wconf 86' lang='lat' dir='ltr'><strong>voluntas</strong></span> <span class='ocrx_word' id='word_1_358' title='bbox 2194 4367 2402 4432; x_wconf 87' lang='lat' dir='ltr'><strong>amat,</strong></span> <span class='ocrx_word' id='word_1_359' title='bbox 2444 4377 2523 4420; x_wconf 89' lang='lat' dir='ltr'><strong>ac</strong></span> <span class='ocrx_word' id='word_1_360' title='bbox 2570 4359 2775 4421; x_wconf 86' lang='lat' dir='ltr'><strong>intel-</strong></span> 
     </span>
     <span class='ocr_line' id='line_1_40' title="bbox 537 4450 2773 4536; baseline -0.003 -16"><span class='ocrx_word' id='word_1_361' title='bbox 537 4455 752 4521; x_wconf 62' lang='lat' dir='ltr'><strong>lectus</strong></span> <span class='ocrx_word' id='word_1_362' title='bbox 796 4456 1080 4536; x_wconf 85' lang='lat' dir='ltr'><strong>cogitat.</strong></span> <span class='ocrx_word' id='word_1_363' title='bbox 1171 4452 1402 4518; x_wconf 88' lang='lat' dir='ltr'><strong>Simile</strong></span> <span class='ocrx_word' id='word_1_364' title='bbox 1437 4454 1619 4536; x_wconf 91' lang='lat' dir='ltr'><strong>quod</strong></span> <span class='ocrx_word' id='word_1_365' title='bbox 1666 4450 1919 4517; x_wconf 67' lang='lat' dir='ltr'><strong>dictum</strong></span> <span class='ocrx_word' id='word_1_366' title='bbox 1966 4463 2071 4516; x_wconf 88' lang='lat' dir='ltr'><strong>est</strong></span> <span class='ocrx_word' id='word_1_367' title='bbox 2117 4453 2204 4516; x_wconf 88' lang='lat' dir='ltr'><strong>de</strong></span> <span class='ocrx_word' id='word_1_368' title='bbox 2251 4451 2433 4516; x_wconf 90' lang='lat' dir='ltr'><strong>bono</strong></span> <span class='ocrx_word' id='word_1_369' title='bbox 2476 4462 2549 4515; x_wconf 90' lang='lat' dir='ltr'><strong>et</strong></span> <span class='ocrx_word' id='word_1_370' title='bbox 2588 4472 2773 4528; x_wconf 89' lang='lat' dir='ltr'><strong>vero,</strong></span> 
     </span>
     <span class='ocr_line' id='line_1_41' title="bbox 534 4546 2775 4628; baseline -0.002 -13"><span class='ocrx_word' id='word_1_371' title='bbox 534 4553 741 4615; x_wconf 89' lang='lat' dir='ltr'><strong>etiam</strong></span> <span class='ocrx_word' id='word_1_372' title='bbox 780 4550 1141 4614; x_wconf 89' lang='lat' dir='ltr'><strong>dicendum</strong></span> <span class='ocrx_word' id='word_1_373' title='bbox 1173 4559 1279 4613; x_wconf 88' lang='lat' dir='ltr'><strong>est</strong></span> <span class='ocrx_word' id='word_1_374' title='bbox 1311 4550 1397 4613; x_wconf 88' lang='lat' dir='ltr'><strong>de</strong></span> <span class='ocrx_word' id='word_1_375' title='bbox 1435 4549 1659 4613; x_wconf 90' lang='lat' dir='ltr'><strong>calore</strong></span> <span class='ocrx_word' id='word_1_376' title='bbox 1689 4558 1761 4612; x_wconf 90' lang='lat' dir='ltr'><strong>et</strong></span> <span class='ocrx_word' id='word_1_377' title='bbox 1799 4547 1987 4626; x_wconf 88' lang='lat' dir='ltr'><strong>luce;</strong></span> <span class='ocrx_word' id='word_1_378' title='bbox 2035 4546 2223 4612; x_wconf 89' lang='lat' dir='ltr'><strong>calor</strong></span> <span class='ocrx_word' id='word_1_379' title='bbox 2250 4549 2433 4610; x_wconf 85' lang='lat' dir='ltr'><strong>enim</strong></span> <span class='ocrx_word' id='word_1_380' title='bbox 2462 4547 2775 4628; x_wconf 88' lang='lat' dir='ltr'><strong>spiritua·</strong></span> 
     </span>
     <span class='ocr_line' id='line_1_42' title="bbox 535 4641 2783 4727; baseline -0.001 -18"><span class='ocrx_word' id='word_1_381' title='bbox 535 4645 617 4709; x_wconf 88' lang='lat' dir='ltr'><strong>lis</strong></span> <span class='ocrx_word' id='word_1_382' title='bbox 654 4655 761 4710; x_wconf 88' lang='lat' dir='ltr'><strong>est</strong></span> <span class='ocrx_word' id='word_1_383' title='bbox 799 4664 989 4710; x_wconf 88' lang='lat' dir='ltr'><strong>amor</strong></span> <span class='ocrx_word' id='word_1_384' title='bbox 1018 4646 1134 4727; x_wconf 89' lang='lat' dir='ltr'><strong>qui</strong></span> <span class='ocrx_word' id='word_1_385' title='bbox 1169 4643 1482 4708; x_wconf 90' lang='lat' dir='ltr'><strong>accendit</strong></span> <span class='ocrx_word' id='word_1_386' title='bbox 1513 4642 1964 4719; x_wconf 89' lang='lat' dir='ltr'><strong>voluntatem,</strong></span> <span class='ocrx_word' id='word_1_387' title='bbox 1996 4662 2075 4707; x_wconf 88' lang='lat' dir='ltr'><strong>ac</strong></span> <span class='ocrx_word' id='word_1_388' title='bbox 2114 4642 2237 4705; x_wconf 84' lang='lat' dir='ltr'><strong>lux</strong></span> <span class='ocrx_word' id='word_1_389' title='bbox 2266 4641 2629 4724; x_wconf 87' lang='lat' dir='ltr'><strong>spiritualis</strong></span> <span class='ocrx_word' id='word_1_390' title='bbox 2667 4651 2783 4707; x_wconf 89' lang='lat' dir='ltr'><strong>est</strong></span> 
     </span>
    </p>
   </div>
  </div>
 </body>
</html>
