3259 5384
997 685 1158 736 CAP.
1195 685 1380 750 xm„
1413 647 1623 736 vans.
1654 685 1877 754 7.-Ν.
1911 669 2167 755 802‘[a].
2522 687 2692 752 ‚2233

443 875 570 920 nec
609 873 846 918 verum
893 863 1000 918 est
1044 855 1230 938 quod
1265 855 1468 919 Pater
1503 875 1624 936 per
1660 855 2061 936 sanguinem
2100 853 2251 918 Filii
2288 854 2694 937 propitiatus

437 951 528 1014 sit
549 970 568 1028 ;
609 969 736 1012 nec
763 969 996 1012 verum
1018 959 1127 1014 est
1151 950 1334 1033 quod
1361 949 1694 1013 Dominus
1718 951 1785 1013 in
1818 949 1905 1014 Se
1930 949 2357 1014 transtulerit
2382 959 2689 1032 peccata,

436 1055 510 1108 et
546 1045 646 1108 sic
680 1045 1082 1124 redemerit;
1131 1055 1400 1127 praeter
1431 1045 1624 1126 plura
1652 1065 1667 1107 z
1717 1065 1890 1129 quae
1915 1054 2251 1129 quatenus
2282 1055 2441 1108 sunt
2473 1063 2689 1127 appa-

436 1141 704 1202 rentiae
727 1141 866 1202 veri
897 1159 988 1202 ex
1021 1159 1223 1202 sensu
1261 1139 1530 1204 litterae
1558 1139 1791 1216 Verbi,
1827 1141 1959 1202 dici
1993 1150 2064 1203 et
2101 1159 2371 1223 quoque
2404 1141 2693 1222 cogitari

437 1235 731 1314 possint,
761 1233 880 1296 sed
913 1253 1051 1297 non
1084 1232 1464 1298 confirmari
1489 1255 1699 1317 usque
1732 1234 1820 1297 ad
1854 1233 2385 1298 desti-notionem
2418 1236 2693 1316 genuini

433 1329 580 1391 veri
604 1328 790 1412 quod
822 1329 889 1390 in
921 1328 1116 1392 caelo
1151 1340 1278 1404 est,
1315 1339 1386 1392 et
1418 1330 1598 1412 quod
1633 1327 1941 1393 doctrina
1978 1329 2304 1392 ecclesiae
2337 1349 2427 1391 ex
2457 1328 2692 1393 Verbo

434 1433 675 1503 potest
712 1422 979 1486 docere.
1069 1421 1202 1504 Qui
1239 1425 1467 1505 itaque
1505 1423 1886 1487 immittunt
1914 1419 2159 1488 ‘omnia
2190 1422 2345 1486 fidei
2390 1425 2457 1486 in
2502 1423 2691 1487 illam

436 1517 962 1593 consessionem,
999 1519 1041 1580 ii
1079 1537 1214 1581 non
1253 1518 1462 1581 modo
1499 1519 1728 1581 omnia
1758 1537 1937 1593 vera,
1968 1539 2142 1600 quae
2178 1518 2692 1582 innumerabilia

435 1621 623 1685 sunt,
665 1631 756 1675 ex
793 1612 1032 1695 quibus
1069 1621 1178 1676 est
1212 1613 1356 1675 vita
1391 1622 1462 1675 et
1499 1613 1835 1693 sapientia
1871 1613 2135 1695 angelis
2172 1623 2243 1678 et
2282 1614 2687 1687 hominibuS,

433 1707 524 1768 ad
590 1706 770 1769 latus
827 1706 1174 1787 rejiciunt3
1237 1727 1318 1769 ac
1379 1708 1760 1770 universam
1818 1707 2241 1789 theologiam
2297 1709 2363 1770 in
2429 1708 2689 1790 aliquot

431 1819 648 1863 voces
693 1819 848 1864 cum
893 1799 1138 1864 fiducia
1181 1802 1596 1877 enuntiataS,
1631 1803 1700 1865 in
1740 1804 1979 1885 quibus
2016 1823 2153 1866 non
2188 1823 2345 1866 vera
2382 1804 2690 1884 compin-

432 1905 654 1976 gunt3
701 1895 822 1958 sed
867 1897 1077 1960 etiam
1122 1897 1212 1959 ad
1241 1916 1448 1960 voces
1494 1896 1645 1960 illas
1691 1897 2190 1961 confirmandas
2228 1917 2364 1961 non
2403 1908 2691 1978 possunt

433 2007 582 2052 non
637 1986 990 2054 falsificare
1037 1989 1363 2068 Verbum,
1413 2001 1484 2054 et
1537 2011 1658 2073 per
1715 1993 1787 2056 id
1844 1992 1969 2054 sibi
2028 1991 2291 2055 caelum
2352 1993 2689 2056 claudere.

435 2081 704 2146 Verum
751 2085 836 2147 de
890 2085 1018 2148 hac
1064 2105 1136 2148 re
1195 2085 1354 2148 alibi
1400 2085 1683 2167 plenius,
1776 2085 1966 2149 Haec
2036 2105 2213 2150 nunc
2261 2087 2346 2150 de
2401 2087 2534 2150 illis
2579 2089 2691 2169 qui

431 2177 798 2243 falsificant
840 2179 1165 2255 Verbum,
1206 2189 1280 2244 et
1315 2181 1402 2244 de
1437 2180 1570 2244 illis
1607 2181 1721 2264 qui
1759 2199 1894 2245 non
1931 2180 2309 2245 falsificant.

1427 2445 1635 2484 vssnsus
1664 2445 1709 2495 7.
1790 2431 1797 2438 ’

567 2534 764 2602 801.
820 2557 912 2598 “a
929 2559 1080 2600 datum
1097 2559 1143 2600 d
1159 2559 1314 2600 bollum
1329 2557 1488 2608 fam
1504 2569 1601 2600 cum
1618 2558 1807 2608 amun,
1826 2561 1873 2600 et
1891 2557 2065 2602 claeon
2080 2559 2181 2602 illos
2191 2572 2210 2608 ,·
2237 2562 2283 2600 ot
2298 2561 2407 2602 data
2426 2560 2472 2601 e!
2487 2561 2693 2610 matu

430 2625 584 2666 super
601 2626 767 2657 omnem
788 2617 966 2666 tribum,
989 2617 1179 2669 unquam
1199 2619 1247 2659 et
1265 2617 1487 2668 nentem!

499 2734 564 2788 7.
609 2723 704 2778 ’Εέ
722 2724 898 2778 datum
932 2725 988 2778 οἱ
1014 2725 1202 2780 bellum
1228 2727 1406 2780 {aeon
1425 2741 1544 2780 cum
1565 2727 1782 2787 nanceio,
1808 2731 1865 2780 ot
1892 2726 2011 2780 illo·
2038 2727 2283 2787 vianet-o?
2304 2727 2549 2793 signifieat
2558 2736 2691 2796 pug-

709 2807 832 2840 nam
855 2808 970 2842 cum
992 2793 1094 2842 illis
1122 2793 1218 2858 qui
1247 2794 1306 2842 in
1338 2793 1476 2843 veris·
1495 2810 1561 2843 ex
1592 2794 1715 2844 bono
1735 2801 1871 2854 sunt,
1893 2801 1940 2843 et
1958 2810 2061 2843 non
2085 2795 2297 2844 ass-emti
2314 2795 2697 2844 combinationes

699 2865 910 2923 propter
926 2861 1252 2924 appar-entius
1276 2859 1354 2926 [n.
1379 2859 1538 2926 8o2];
1583 2863 1671 2912 “ot
1702 2860 1827 2913 daia
1859 2859 1914 2913 εἰ
1926 2863 2166 2926 metae
2189 2874 2351 2927 svper·
2370 2874 2571 2913 omnem
2594 2860 2692 2913 tri·

710 2924 844 2984 bum,
863 2929 920 2978 σί
940 2925 1010 2978 liu
1113 2939 1164 2978 m
1185 2929 1245 2978 et
1255 2927 1507 2993 nentem?
1523 2925 1771 2990 signifieat
1790 2928 2183 2978 dominationem
2199 2935 2353 2992 super
2370 2927 2543 2978 omnia
2564 2943 2693 2978 vera

709 2998 758 3040 et
775 2992 904 3041 bona
925 3008 1003 3041 ecc
1019 2993 1164 3052 esiae,
1185 2999 1234 3042 et
1250 3000 1402 3058 super
1420 2993 1853 3059 doarinamfidei
1870 3000 1919 3043 et
1937 2995 2128 3044 amoris
2154 2994 2230 3061 [n.
2258 2992 2384 3060 803]
2396 3031 2407 3043 .

559 3122 890 3206 802[a].
949 3139 1112 3198 [νας.
1139 3141 1208 3200 7.]
1266 3132 1304 3162 ¹¹
1321 3125 1399 3188 ft
1427 3125 1635 3188 datum
1662 3125 1728 3188 οἱ
1754 3125 1974 3188 bollum
2004 3126 2225 3188 facem
2259 3145 2397 3188 oum
2429 3127 2693 3199 canoris,

438 3224 507 3281 οὶ
539 3217 792 3282 vincet-o
834 3218 1327 3300 illoe.''—Quod
1373 3219 1715 3301 significet
1750 3230 2055 3302 pugnam
2098 3241 2243 3283 cum
2276 3221 2426 3286 illis
2462 3223 2586 3304 qui
2616 3223 2693 3284 in
2738 3257 2747 3280 .

437 3313 631 3376 veris
672 3337 760 3376 ex
807 3315 975 3378 bono
1016 3323 1195 3388 sunt,
1239 3323 1306 3376 et
1346 3333 1474 3376 non
1516 3315 1811 3377 assecuti
1850 3315 2371 3379 combinationes
2406 3327 2694 3398 propter

435 3410 911 3488 apparentias,
965 3415 1249 3471 constat
1306 3427 1398 3470 ex
1456 3407 1962 3489 significatione
2020 3409 2304 3484 “belli,’'
2356 3412 2539 3493 quod
2598 3411 2689 3476 sit

436 3523 676 3586 pugna
733 3505 1118 3586 spiritualis,
1183 3524 1352 3586 quae
1419 3514 1524 3566 est
1583 3506 1724 3567 veri
1782 3515 2023 3568 contra
2081 3505 2343 3582 falsum,
2406 3528 2484 3571 ac
2544 3507 2691 3571 salsi

436 3611 693 3663 contra
719 3621 956 3664 verum
987 3617 1072 3674 (de
1099 3629 1198 3674 qua
1217 3629 1378 3674 supra,
1401 3630 1448 3662 n.
1477 3615 1615 3680 573.
1640 3615 1831 3680 734);
1878 3602 2036 3664 inde
2066 3609 2105 3634 ‘⁸
2124 3602 2384 3665 bellum
2415 3603 2639 3667 facere
2659 3603 2691 3630 '’

435 3707 545 3760 est
587 3717 892 3778 pugnare
930 3718 1020 3760 ex
1054 3697 1230 3759 veris
1267 3708 1508 3760 contra
1541 3696 1732 3772 falsa,
1774 3707 1845 3760 et
1884 3718 1971 3760 ex
2011 3697 2195 3761 salsis
2232 3709 2474 3763 contra
2504 3721 2687 3776 vera,

434 3791 544 3854 hic
595 3811 686 3854 ex
724 3790 908 3853 falsis
955 3802 1197 3854 contra
1239 3810 1440 3854 vera:
1504 3810 1595 3853 ex
1642 3790 2139 3872 significatione
2183 3791 2691 3869 “san&orum,'’

435 3883 624 3965 quod
657 3885 795 3945 sint
827 3883 941 3964 qui
973 3883 1040 3944 in
1074 3884 1250 3945 veris
1281 3901 1373 3945 ex
1406 3884 1592 3945 bono
1623 3893 1785 3946 sunt
1811 3899 1897 3957 (de
1922 3913 2022 3958 qua
2050 3901 2193 3946 etiam
2222 3915 2382 3959 supra,
2412 3915 2459 3948 n.
2490 3901 2641 3965 204)
2671 3906 2686 3948 :

435 3990 507 4042 et
541 3999 634 4042 ex
667 3978 1161 4060 significatione
1198 3985 1238 4010 ‘⁶
1259 3979 1530 4042 vincere
1561 3979 1775 4054 i110s‚”
1807 3981 1989 4062 quod
2023 3983 2109 4044 sit
2142 3982 2293 4045 illos
2326 4003 2485 4046 suae
2523 3984 2689 4047 doc-

436 4075 659 4136 trinae
683 4083 756 4136 et
783 4073 940 4137 inde
966 4074 1312 4155 religionis
1330 4073 1591 4152 facere3
1625 4084 1695 4137 et
1722 4076 1877 4157 quia
1901 4076 2029 4138 hoc
2058 4075 2310 4139 faciunt
2336 4097 2455 4157 per
2478 4079 2689 4141 ratio·

395 4158 406 4171 ’
435 4169 638 4243 cinia,
675 4187 796 4249 per
831 4187 1002 4250 quae
1039 4169 1369 4232 inducunt
1401 4169 1584 4231 falsis
1614 4171 2050 4250 apparentias
2082 4173 2241 4246 veri,
2274 4182 2347 4235 et
2384 4191 2502 4252 per
2539 4172 2693 4236 loca

437 4283 475 4325 e
513 4281 721 4326 sensu
759 4261 1028 4326 litterae
1067 4261 1300 4338 Verbi,
1339 4283 1459 4344 per
1496 4283 1670 4346 quae
1707 4264 2056 4327 ratiocinia
2102 4285 2223 4328 sua
2259 4265 2686 4342 confirmant,

435 4357 597 4419 ideo
634 4375 756 4438 per
785 4357 902 4420 illa
931 4357 1140 4420 verba
1175 4359 1382 4421 etiam
1422 4357 1859 4440 significatur,
1894 4361 2005 4440 qui
2044 4369 2195 4422 non*
2220 4363 2533 4435 assecuti,
2570 4383 2689 4424 seu

437 4471 580 4514 non
639 4451 1152 4527 intellexerunt,
1216 4453 1562 4534 quomodo
1627 4451 1797 4515 fides
1862 4452 2183 4534 conjungi
2243 4464 2474 4535 potest
2534 4471 2689 4519 cum

438 4537 640 4608 bonis
699 4546 1034 4625 operibuS,
1097 4555 1376 4626 propter
1427 4543 1741 4634 inductas
1793 4545 1977 4609 salsis
2030 4551 2462 4628 apparentias
2506 4551 2686 4612 veri:

437 4659 531 4703 ex
577 4639 682 4703 his
726 4649 1044 4703 constare
1091 4649 1322 4722 potest
1368 4641 1550 4723 quod
1596 4660 1717 4723 per
1765 4641 2079 4706 “Datum
2127 4642 2387 4705 bestiae
2431 4642 2685 4705 bellum
