<?xml version="1.0" encoding="UTF-8"?>
<!DOCTYPE html PUBLIC "-//W3C//DTD XHTML 1.0 Transitional//EN"
    "http://www.w3.org/TR/xhtml1/DTD/xhtml1-transitional.dtd">
<html xmlns="http://www.w3.org/1999/xhtml" xml:lang="en" lang="en">
 <head>
  <title>
</title>
<meta http-equiv="Content-Type" content="text/html;charset=utf-8" />
  <meta name='ocr-system' content='tesseract 3.04.00' />
  <meta name='ocr-capabilities' content='ocr_page ocr_carea ocr_par ocr_line ocrx_word'/>
</head>
<body>
  <div class='ocr_page' id='page_1' title='image "./apocalypsisexpl00unkngoog_0176.png"; bbox 0 0 3259 5384; ppageno 0'>
   <div class='ocr_carea' id='block_1_1' title="bbox 656 664 2277 745">
    <p class='ocr_par' dir='ltr' id='par_1_1' title="bbox 656 664 2277 745">
     <span class='ocr_line' id='line_1_1' title="bbox 656 664 2277 745; baseline -0.001 -19"><span class='ocrx_word' id='word_1_1' title='bbox 656 664 823 745; x_wconf 88' lang='lat'>2078</span> <span class='ocrx_word' id='word_1_2' title='bbox 1277 675 1780 727; x_wconf 71' lang='lat' dir='ltr'>APOCALYPSIS</span> <span class='ocrx_word' id='word_1_3' title='bbox 1825 673 2277 725; x_wconf 73' lang='lat' dir='ltr'>EXPLrCATA.</span> 
     </span>
    </p>
   </div>
   <div class='ocr_carea' id='block_1_2' title="bbox 652 842 2886 1023">
    <p class='ocr_par' dir='ltr' id='par_1_2' title="bbox 652 842 2886 1023">
     <span class='ocr_line' id='line_1_2' title="bbox 652 842 2886 928; baseline -0.002 -19"><span class='ocrx_word' id='word_1_4' title='bbox 652 846 993 928; x_wconf 87' lang='lat' dir='ltr'>significat</span> <span class='ocrx_word' id='word_1_5' title='bbox 1038 866 1308 928; x_wconf 87' lang='lat' dir='ltr'>prorsus</span> <span class='ocrx_word' id='word_1_6' title='bbox 1354 847 1688 927; x_wconf 84' lang='lat' dir='ltr'>occupari,</span> <span class='ocrx_word' id='word_1_7' title='bbox 1735 854 1808 909; x_wconf 90' lang='lat' dir='ltr'>et</span> <span class='ocrx_word' id='word_1_8' title='bbox 1850 851 2181 909; x_wconf 88' lang='lat' dir='ltr'>“satanas</span> <span class='ocrx_word' id='word_1_9' title='bbox 2197 845 2229 870; x_wconf 88' lang='lat'><strong>”</strong></span> <span class='ocrx_word' id='word_1_10' title='bbox 2273 842 2610 927; x_wconf 87' lang='lat' dir='ltr'>significat</span> <span class='ocrx_word' id='word_1_11' title='bbox 2656 843 2886 906; x_wconf 87' lang='lat' dir='ltr'>falsum</span> 
     </span>
     <span class='ocr_line' id='line_1_3' title="bbox 652 938 2437 1023; baseline -0.002 -20"><span class='ocrx_word' id='word_1_12' title='bbox 652 940 1001 1017; x_wconf 85' lang='lat' dir='ltr'>infernale,</span> <span class='ocrx_word' id='word_1_13' title='bbox 1041 961 1177 1023; x_wconf 90' lang='lat' dir='ltr'>quo</span> <span class='ocrx_word' id='word_1_14' title='bbox 1213 951 1678 1023; x_wconf 86' lang='lat' dir='ltr'>occuparetur.</span> <span class='ocrx_word' id='word_1_15' title='bbox 1766 940 1978 1023; x_wconf 89' lang='lat' dir='ltr'>Apud</span> <span class='ocrx_word' id='word_1_16' title='bbox 2017 938 2437 1014; x_wconf 79' lang='lat' dir='ltr'>Sachariam,</span> 
     </span>
    </p>
   </div>
   <div class='ocr_carea' id='block_1_3' title="bbox 748 1088 2892 1417">
    <p class='ocr_par' dir='ltr' id='par_1_3' title="bbox 748 1088 2892 1417">
     <span class='ocr_line' id='line_1_4' title="bbox 748 1088 2888 1155; baseline -0.002 -13"><span class='ocrx_word' id='word_1_17' title='bbox 748 1088 780 1111; x_wconf 80' lang='lat'>‘⁶</span> <span class='ocrx_word' id='word_1_18' title='bbox 797 1091 995 1142; x_wconf 79' lang='lat' dir='ltr'>Post-ea</span> <span class='ocrx_word' id='word_1_19' title='bbox 1016 1092 1253 1142; x_wconf 73' lang='lat' dir='ltr'>ostendit</span> <span class='ocrx_word' id='word_1_20' title='bbox 1276 1092 1407 1141; x_wconf 84' lang='lat' dir='ltr'>mihi</span> <span class='ocrx_word' id='word_1_21' title='bbox 1431 1091 1792 1155; x_wconf 80' lang='lat' dir='ltr'>Jehoschuam</span> <span class='ocrx_word' id='word_1_22' title='bbox 1811 1092 2144 1141; x_wconf 77' lang='lat' dir='ltr'>sacerdotem</span> <span class='ocrx_word' id='word_1_23' title='bbox 2163 1104 2437 1153; x_wconf 78' lang='lat' dir='ltr'>magnum,</span> <span class='ocrx_word' id='word_1_24' title='bbox 2457 1100 2689 1139; x_wconf 77' lang='lat' dir='ltr'>stantem</span> <span class='ocrx_word' id='word_1_25' title='bbox 2715 1104 2888 1139; x_wconf 86' lang='lat' dir='ltr'>coram</span> 
     </span>
     <span class='ocr_line' id='line_1_5' title="bbox 912 1156 2889 1223; baseline -0.001 -18"><span class='ocrx_word' id='word_1_26' title='bbox 912 1158 1110 1219; x_wconf 79' lang='lat' dir='ltr'>angelo</span> <span class='ocrx_word' id='word_1_27' title='bbox 1134 1156 1405 1223; x_wconf 78' lang='lat' dir='ltr'>jehovae:</span> <span class='ocrx_word' id='word_1_28' title='bbox 1441 1168 1497 1207; x_wconf 89' lang='lat' dir='ltr'>et</span> <span class='ocrx_word' id='word_1_29' title='bbox 1524 1158 1690 1207; x_wconf 80' lang='lat' dir='ltr'>Satan</span> <span class='ocrx_word' id='word_1_30' title='bbox 1719 1166 1872 1207; x_wconf 81' lang='lat' dir='ltr'>stans</span> <span class='ocrx_word' id='word_1_31' title='bbox 1894 1158 1963 1207; x_wconf 83' lang='lat' dir='ltr'>ad</span> <span class='ocrx_word' id='word_1_32' title='bbox 1989 1157 2232 1205; x_wconf 82' lang='lat' dir='ltr'>dextram</span> <span class='ocrx_word' id='word_1_33' title='bbox 2257 1156 2376 1218; x_wconf 83' lang='lat' dir='ltr'>ejus</span> <span class='ocrx_word' id='word_1_34' title='bbox 2405 1156 2471 1204; x_wconf 85' lang='lat' dir='ltr'>ad</span> <span class='ocrx_word' id='word_1_35' title='bbox 2500 1156 2889 1205; x_wconf 73' lang='lat' dir='ltr'>adversandum</span> 
     </span>
     <span class='ocr_line' id='line_1_6' title="bbox 914 1219 2892 1286; baseline -0.002 -16"><span class='ocrx_word' id='word_1_36' title='bbox 914 1222 1025 1272; x_wconf 89' lang='lat' dir='ltr'>illi:</span> <span class='ocrx_word' id='word_1_37' title='bbox 1068 1231 1123 1272; x_wconf 89' lang='lat' dir='ltr'>et</span> <span class='ocrx_word' id='word_1_38' title='bbox 1154 1224 1287 1272; x_wconf 86' lang='lat' dir='ltr'>dixit</span> <span class='ocrx_word' id='word_1_39' title='bbox 1319 1222 1563 1286; x_wconf 87' lang='lat' dir='ltr'>Jehovah</span> <span class='ocrx_word' id='word_1_40' title='bbox 1598 1223 1666 1272; x_wconf 86' lang='lat' dir='ltr'>ad</span> <span class='ocrx_word' id='word_1_41' title='bbox 1704 1223 1976 1278; x_wconf 80' lang='lat' dir='ltr'>Satanam,</span> <span class='ocrx_word' id='word_1_42' title='bbox 2017 1220 2263 1284; x_wconf 85' lang='lat' dir='ltr'>Increpet</span> <span class='ocrx_word' id='word_1_43' title='bbox 2305 1231 2358 1269; x_wconf 92' lang='lat' dir='ltr'>te</span> <span class='ocrx_word' id='word_1_44' title='bbox 2393 1220 2654 1285; x_wconf 84' lang='lat' dir='ltr'>Jehovah,</span> <span class='ocrx_word' id='word_1_45' title='bbox 2689 1219 2892 1282; x_wconf 78' lang='lat' dir='ltr'>eligens</span> 
     </span>
     <span class='ocr_line' id='line_1_7' title="bbox 916 1285 2892 1369; baseline -0.002 -34"><span class='ocrx_word' id='word_1_46' title='bbox 916 1286 1383 1351; x_wconf 74' lang='lat' dir='ltr'>Hierosolymam:</span> <span class='ocrx_word' id='word_1_47' title='bbox 1430 1304 1615 1337; x_wconf 85' lang='lat' dir='ltr'>nonne</span> <span class='ocrx_word' id='word_1_48' title='bbox 1651 1287 1744 1337; x_wconf 77' lang='lat' dir='ltr'>ina</span> <span class='ocrx_word' id='word_1_49' title='bbox 1767 1288 1886 1337; x_wconf 85' lang='lat' dir='ltr'>titio</span> <span class='ocrx_word' id='word_1_50' title='bbox 1919 1297 2136 1349; x_wconf 85' lang='lat' dir='ltr'>ereptus</span> <span class='ocrx_word' id='word_1_51' title='bbox 2169 1302 2238 1335; x_wconf 86' lang='lat' dir='ltr'>ex</span> <span class='ocrx_word' id='word_1_52' title='bbox 2273 1287 2435 1349; x_wconf 79' lang='lat' dir='ltr'>igne?</span> <span class='ocrx_word' id='word_1_53' title='bbox 2503 1285 2570 1334; x_wconf 88' lang='lat' dir='ltr'>Et</span> <span class='ocrx_word' id='word_1_54' title='bbox 2592 1285 2892 1369; x_wconf 73' lang='lat' dir='ltr'>Jeboschua</span> 
     </span>
     <span class='ocr_line' id='line_1_8' title="bbox 910 1350 2888 1417; baseline -0.002 -14"><span class='ocrx_word' id='word_1_55' title='bbox 910 1352 1014 1403; x_wconf 70' lang='lat' dir='ltr'>fuit</span> <span class='ocrx_word' id='word_1_56' title='bbox 1036 1353 1255 1403; x_wconf 82' lang='lat' dir='ltr'>indutus</span> <span class='ocrx_word' id='word_1_57' title='bbox 1275 1354 1512 1403; x_wconf 81' lang='lat' dir='ltr'>vestibus</span> <span class='ocrx_word' id='word_1_58' title='bbox 1536 1353 1772 1417; x_wconf 83' lang='lat' dir='ltr'>pollutis,</span> <span class='ocrx_word' id='word_1_59' title='bbox 1788 1353 1970 1417; x_wconf 75' lang='lat' dir='ltr'>sicque</span> <span class='ocrx_word' id='word_1_60' title='bbox 1993 1362 2147 1403; x_wconf 76' lang='lat' dir='ltr'>stans</span> <span class='ocrx_word' id='word_1_61' title='bbox 2169 1364 2354 1404; x_wconf 83' lang='lat' dir='ltr'>coram</span> <span class='ocrx_word' id='word_1_62' title='bbox 2371 1352 2569 1413; x_wconf 81' lang='lat' dir='ltr'>angelo</span> <span class='ocrx_word' id='word_1_63' title='bbox 2582 1350 2595 1369; x_wconf 81' lang='lat'><strong><em>⁹</em></strong></span> <span class='ocrx_word' id='word_1_64' title='bbox 2629 1352 2722 1412; x_wconf 82' lang='lat' dir='ltr'>(iii.</span> <span class='ocrx_word' id='word_1_65' title='bbox 2749 1354 2861 1411; x_wconf 84' lang='lat'>1-3)</span> <span class='ocrx_word' id='word_1_66' title='bbox 2877 1388 2888 1399; x_wconf 94' lang='lat'>.</span> 
     </span>
    </p>
   </div>
   <div class='ocr_carea' id='block_1_4' title="bbox 647 1522 2902 4241">
    <p class='ocr_par' dir='ltr' id='par_1_4' title="bbox 647 1522 2902 4241">
     <span class='ocr_line' id='line_1_9' title="bbox 650 1522 2890 1607; baseline -0.002 -19"><span class='ocrx_word' id='word_1_67' title='bbox 650 1524 811 1607; x_wconf 90' lang='lat' dir='ltr'>quid</span> <span class='ocrx_word' id='word_1_68' title='bbox 842 1525 1009 1588; x_wconf 90' lang='lat' dir='ltr'>haec</span> <span class='ocrx_word' id='word_1_69' title='bbox 1036 1524 1411 1599; x_wconf 86' lang='lat' dir='ltr'>involvunt,</span> <span class='ocrx_word' id='word_1_70' title='bbox 1435 1545 1571 1589; x_wconf 91' lang='lat' dir='ltr'>non</span> <span class='ocrx_word' id='word_1_71' title='bbox 1597 1533 1914 1589; x_wconf 85' lang='lat' dir='ltr'>constare</span> <span class='ocrx_word' id='word_1_72' title='bbox 1941 1533 2170 1607; x_wconf 88' lang='lat' dir='ltr'>potest</span> <span class='ocrx_word' id='word_1_73' title='bbox 2197 1524 2320 1586; x_wconf 90' lang='lat' dir='ltr'>nisi</span> <span class='ocrx_word' id='word_1_74' title='bbox 2351 1544 2442 1586; x_wconf 85' lang='lat' dir='ltr'>ex</span> <span class='ocrx_word' id='word_1_75' title='bbox 2477 1522 2646 1585; x_wconf 90' lang='lat' dir='ltr'>serie</span> <span class='ocrx_word' id='word_1_76' title='bbox 2671 1541 2890 1585; x_wconf 86' lang='lat' dir='ltr'>rerum</span> 
     </span>
     <span class='ocr_line' id='line_1_10' title="bbox 650 1617 2891 1701; baseline -0.002 -20"><span class='ocrx_word' id='word_1_77' title='bbox 650 1639 822 1701; x_wconf 92' lang='lat' dir='ltr'>quae</span> <span class='ocrx_word' id='word_1_78' title='bbox 868 1619 1288 1693; x_wconf 81' lang='lat' dir='ltr'>antecedunt</span> <span class='ocrx_word' id='word_1_79' title='bbox 1348 1628 1419 1684; x_wconf 94' lang='lat' dir='ltr'>et</span> <span class='ocrx_word' id='word_1_80' title='bbox 1474 1628 2020 1701; x_wconf 87' lang='lat' dir='ltr'>consequuntur;</span> <span class='ocrx_word' id='word_1_81' title='bbox 2081 1640 2172 1681; x_wconf 87' lang='lat' dir='ltr'>ex</span> <span class='ocrx_word' id='word_1_82' title='bbox 2228 1618 2344 1679; x_wconf 89' lang='lat' dir='ltr'>illa</span> <span class='ocrx_word' id='word_1_83' title='bbox 2398 1617 2608 1679; x_wconf 87' lang='lat' dir='ltr'>videri</span> <span class='ocrx_word' id='word_1_84' title='bbox 2661 1626 2891 1697; x_wconf 92' lang='lat' dir='ltr'>potest</span> 
     </span>
     <span class='ocr_line' id='line_1_11' title="bbox 651 1709 2890 1795; baseline -0.002 -19"><span class='ocrx_word' id='word_1_85' title='bbox 651 1713 832 1795; x_wconf 92' lang='lat' dir='ltr'>quod</span> <span class='ocrx_word' id='word_1_86' title='bbox 880 1733 998 1794; x_wconf 88' lang='lat' dir='ltr'>per</span> <span class='ocrx_word' id='word_1_87' title='bbox 1042 1734 1123 1777; x_wconf 90' lang='lat' dir='ltr'>ea</span> <span class='ocrx_word' id='word_1_88' title='bbox 1166 1724 1754 1795; x_wconf 86' lang='lat' dir='ltr'>repraesentatum</span> <span class='ocrx_word' id='word_1_89' title='bbox 1799 1714 1888 1777; x_wconf 90' lang='lat' dir='ltr'>sit</span> <span class='ocrx_word' id='word_1_90' title='bbox 1933 1712 2277 1795; x_wconf 83' lang='lat' dir='ltr'>quomodo</span> <span class='ocrx_word' id='word_1_91' title='bbox 2316 1710 2620 1774; x_wconf 89' lang='lat' dir='ltr'>Verbum</span> <span class='ocrx_word' id='word_1_92' title='bbox 2665 1709 2890 1775; x_wconf 83' lang='lat' dir='ltr'>falsifi-</span> 
     </span>
     <span class='ocr_line' id='line_1_12' title="bbox 651 1805 2891 1891; baseline -0.001 -21"><span class='ocrx_word' id='word_1_93' title='bbox 651 1818 879 1872; x_wconf 88' lang='lat' dir='ltr'>catum</span> <span class='ocrx_word' id='word_1_94' title='bbox 926 1808 1083 1886; x_wconf 86' lang='lat' dir='ltr'>suit;</span> <span class='ocrx_word' id='word_1_95' title='bbox 1140 1828 1259 1889; x_wconf 90' lang='lat' dir='ltr'>per</span> <span class='ocrx_word' id='word_1_96' title='bbox 1307 1806 1818 1888; x_wconf 90' lang='lat' dir='ltr'>“Jehoschuam</span> <span class='ocrx_word' id='word_1_97' title='bbox 1863 1806 2294 1891; x_wconf 73' lang='lat' dir='ltr'>sacerdotem</span> <span class='ocrx_word' id='word_1_98' title='bbox 2343 1805 2717 1887; x_wconf 86' lang='lat' dir='ltr'>magnum”</span> <span class='ocrx_word' id='word_1_99' title='bbox 2753 1806 2891 1885; x_wconf 87' lang='lat' dir='ltr'>sig-</span> 
     </span>
     <span class='ocr_line' id='line_1_13' title="bbox 650 1899 2894 1982; baseline -0 -20"><span class='ocrx_word' id='word_1_100' title='bbox 650 1900 959 1965; x_wconf 85' lang='lat' dir='ltr'>nificatur·</span> <span class='ocrx_word' id='word_1_101' title='bbox 994 1902 1082 1965; x_wconf 91' lang='lat' dir='ltr'>ibi</span> <span class='ocrx_word' id='word_1_102' title='bbox 1130 1902 1281 1965; x_wconf 87' lang='lat' dir='ltr'>Lex</span> <span class='ocrx_word' id='word_1_103' title='bbox 1318 1922 1437 1965; x_wconf 89' lang='lat' dir='ltr'>seu</span> <span class='ocrx_word' id='word_1_104' title='bbox 1476 1901 1804 1975; x_wconf 88' lang='lat' dir='ltr'>Verbum,</span> <span class='ocrx_word' id='word_1_105' title='bbox 1845 1911 1918 1965; x_wconf 89' lang='lat' dir='ltr'>et</span> <span class='ocrx_word' id='word_1_106' title='bbox 1964 1899 2342 1964; x_wconf 85' lang='lat' dir='ltr'>falsificatio</span> <span class='ocrx_word' id='word_1_107' title='bbox 2378 1899 2518 1982; x_wconf 86' lang='lat' dir='ltr'>ejus</span> <span class='ocrx_word' id='word_1_108' title='bbox 2556 1920 2675 1981; x_wconf 88' lang='lat' dir='ltr'>per</span> <span class='ocrx_word' id='word_1_109' title='bbox 2711 1899 2894 1982; x_wconf 89' lang='lat' dir='ltr'>quod</span> 
     </span>
     <span class='ocr_line' id='line_1_14' title="bbox 654 1993 2893 2078; baseline -0 -22"><span class='ocrx_word' id='word_1_110' title='bbox 654 1997 1019 2060; x_wconf 87' lang='lat' dir='ltr'>“vestibus</span> <span class='ocrx_word' id='word_1_111' title='bbox 1073 1996 1350 2078; x_wconf 89' lang='lat' dir='ltr'>pollutis</span> <span class='ocrx_word' id='word_1_112' title='bbox 1404 1996 1680 2059; x_wconf 91' lang='lat' dir='ltr'>indutus</span> <span class='ocrx_word' id='word_1_113' title='bbox 1739 1996 2009 2059; x_wconf 90' lang='lat' dir='ltr'>steterit</span> <span class='ocrx_word' id='word_1_114' title='bbox 2069 2014 2298 2059; x_wconf 90' lang='lat' dir='ltr'>coram</span> <span class='ocrx_word' id='word_1_115' title='bbox 2357 1993 2608 2076; x_wconf 86' lang='lat' dir='ltr'>angelo</span> <span class='ocrx_word' id='word_1_116' title='bbox 2630 1994 2684 2055; x_wconf 87' lang='lat'>:”</span> <span class='ocrx_word' id='word_1_117' title='bbox 2737 1994 2893 2056; x_wconf 90' lang='lat' dir='ltr'>inde</span> 
     </span>
     <span class='ocr_line' id='line_1_15' title="bbox 648 2085 2893 2173; baseline -0.001 -20"><span class='ocrx_word' id='word_1_118' title='bbox 648 2100 843 2170; x_wconf 89' lang='lat' dir='ltr'>patet</span> <span class='ocrx_word' id='word_1_119' title='bbox 876 2091 1055 2172; x_wconf 91' lang='lat' dir='ltr'>quod</span> <span class='ocrx_word' id='word_1_120' title='bbox 1094 2111 1211 2173; x_wconf 88' lang='lat' dir='ltr'>per</span> <span class='ocrx_word' id='word_1_121' title='bbox 1246 2096 1617 2153; x_wconf 89' lang='lat' dir='ltr'>“satanam</span> <span class='ocrx_word' id='word_1_122' title='bbox 1632 2090 1662 2115; x_wconf 75' lang='lat'>’³</span> <span class='ocrx_word' id='word_1_123' title='bbox 1693 2090 1783 2155; x_wconf 90' lang='lat' dir='ltr'>ibi</span> <span class='ocrx_word' id='word_1_124' title='bbox 1820 2090 2242 2171; x_wconf 86' lang='lat' dir='ltr'>intelligatur</span> <span class='ocrx_word' id='word_1_125' title='bbox 2272 2088 2512 2151; x_wconf 83' lang='lat' dir='ltr'>falsum</span> <span class='ocrx_word' id='word_1_126' title='bbox 2544 2085 2893 2153; x_wconf 67' lang='lat' dir='ltr'>doctrinae</span> 
     </span>
     <span class='ocr_line' id='line_1_16' title="bbox 650 2183 2894 2267; baseline -0 -22"><span class='ocrx_word' id='word_1_127' title='bbox 650 2206 740 2246; x_wconf 87' lang='lat' dir='ltr'>ex</span> <span class='ocrx_word' id='word_1_128' title='bbox 780 2183 1139 2248; x_wconf 86' lang='lat' dir='ltr'>falsificato</span> <span class='ocrx_word' id='word_1_129' title='bbox 1176 2184 1449 2262; x_wconf 81' lang='lat' dir='ltr'>Verb03</span> <span class='ocrx_word' id='word_1_130' title='bbox 1496 2194 1568 2248; x_wconf 91' lang='lat' dir='ltr'>et</span> <span class='ocrx_word' id='word_1_131' title='bbox 1604 2186 1762 2267; x_wconf 88' lang='lat' dir='ltr'>quia</span> <span class='ocrx_word' id='word_1_132' title='bbox 1797 2184 1865 2247; x_wconf 89' lang='lat' dir='ltr'>id</span> <span class='ocrx_word' id='word_1_133' title='bbox 1909 2183 2030 2247; x_wconf 91' lang='lat' dir='ltr'>illo</span> <span class='ocrx_word' id='word_1_134' title='bbox 2067 2196 2376 2265; x_wconf 90' lang='lat' dir='ltr'>tempore</span> <span class='ocrx_word' id='word_1_135' title='bbox 2409 2184 2660 2263; x_wconf 85' lang='lat' dir='ltr'>incepit</span> <span class='ocrx_word' id='word_1_136' title='bbox 2701 2202 2894 2264; x_wconf 87' lang='lat' dir='ltr'>prae-</span> 
     </span>
     <span class='ocr_line' id='line_1_17' title="bbox 648 2276 2894 2361; baseline -0 -22"><span class='ocrx_word' id='word_1_137' title='bbox 648 2277 897 2352; x_wconf 87' lang='lat' dir='ltr'>valere,</span> <span class='ocrx_word' id='word_1_138' title='bbox 926 2281 1142 2342; x_wconf 85' lang='lat' dir='ltr'>visum</span> <span class='ocrx_word' id='word_1_139' title='bbox 1176 2276 1535 2344; x_wconf 87' lang='lat' dir='ltr'>Sachariae</span> <span class='ocrx_word' id='word_1_140' title='bbox 1569 2288 1676 2341; x_wconf 91' lang='lat' dir='ltr'>est</span> <span class='ocrx_word' id='word_1_141' title='bbox 1709 2278 1890 2361; x_wconf 92' lang='lat' dir='ltr'>quod</span> <span class='ocrx_word' id='word_1_142' title='bbox 1922 2283 2255 2341; x_wconf 87' lang='lat' dir='ltr'>“satanas</span> <span class='ocrx_word' id='word_1_143' title='bbox 2288 2277 2557 2339; x_wconf 91' lang='lat' dir='ltr'>steterit</span> <span class='ocrx_word' id='word_1_144' title='bbox 2595 2276 2683 2339; x_wconf 90' lang='lat' dir='ltr'>ad</span> <span class='ocrx_word' id='word_1_145' title='bbox 2720 2276 2894 2339; x_wconf 87' lang='lat' dir='ltr'>dex·</span> 
     </span>
     <span class='ocr_line' id='line_1_18' title="bbox 654 2371 2899 2454; baseline 0 -21"><span class='ocrx_word' id='word_1_146' title='bbox 654 2382 831 2435; x_wconf 87' lang='lat' dir='ltr'>tram</span> <span class='ocrx_word' id='word_1_147' title='bbox 868 2372 1007 2453; x_wconf 89' lang='lat' dir='ltr'>ejus</span> <span class='ocrx_word' id='word_1_148' title='bbox 1032 2374 1084 2451; x_wconf 88' lang='lat'>;”</span> <span class='ocrx_word' id='word_1_149' title='bbox 1124 2380 1364 2437; x_wconf 88' lang='lat' dir='ltr'>“stare</span> <span class='ocrx_word' id='word_1_150' title='bbox 1402 2374 1489 2436; x_wconf 89' lang='lat' dir='ltr'>ad</span> <span class='ocrx_word' id='word_1_151' title='bbox 1536 2374 1857 2437; x_wconf 88' lang='lat' dir='ltr'>dextram</span> <span class='ocrx_word' id='word_1_152' title='bbox 1871 2371 1902 2398; x_wconf 87' lang='lat'>&#39;’</span> <span class='ocrx_word' id='word_1_153' title='bbox 1939 2371 2275 2454; x_wconf 87' lang='lat' dir='ltr'>significat</span> <span class='ocrx_word' id='word_1_154' title='bbox 2313 2390 2616 2452; x_wconf 88' lang='lat' dir='ltr'>pugnare</span> <span class='ocrx_word' id='word_1_155' title='bbox 2653 2382 2899 2435; x_wconf 90' lang='lat' dir='ltr'>contra</span> 
     </span>
     <span class='ocr_line' id='line_1_19' title="bbox 651 2464 2896 2548; baseline 0.001 -22"><span class='ocrx_word' id='word_1_156' title='bbox 651 2465 973 2529; x_wconf 87' lang='lat' dir='ltr'>Divinum</span> <span class='ocrx_word' id='word_1_157' title='bbox 1029 2466 1305 2531; x_wconf 88' lang='lat' dir='ltr'>Verum.</span> <span class='ocrx_word' id='word_1_158' title='bbox 1395 2466 1737 2548; x_wconf 85' lang='lat' dir='ltr'>Quoniam</span> <span class='ocrx_word' id='word_1_159' title='bbox 1785 2486 2023 2529; x_wconf 89' lang='lat' dir='ltr'>sensus</span> <span class='ocrx_word' id='word_1_160' title='bbox 2076 2465 2345 2529; x_wconf 88' lang='lat' dir='ltr'>litterae</span> <span class='ocrx_word' id='word_1_161' title='bbox 2400 2464 2611 2528; x_wconf 87' lang='lat' dir='ltr'>Verbi</span> <span class='ocrx_word' id='word_1_162' title='bbox 2672 2464 2896 2528; x_wconf 89' lang='lat' dir='ltr'>solum</span> 
     </span>
     <span class='ocr_line' id='line_1_20' title="bbox 647 2558 2900 2643; baseline -0 -21"><span class='ocrx_word' id='word_1_163' title='bbox 647 2558 980 2625; x_wconf 82' lang='lat' dir='ltr'>falsificari</span> <span class='ocrx_word' id='word_1_164' title='bbox 1024 2572 1277 2643; x_wconf 89' lang='lat' dir='ltr'>potest,</span> <span class='ocrx_word' id='word_1_165' title='bbox 1317 2582 1408 2624; x_wconf 85' lang='lat' dir='ltr'>ex</span> <span class='ocrx_word' id='word_1_166' title='bbox 1445 2581 1651 2624; x_wconf 88' lang='lat' dir='ltr'>causa</span> <span class='ocrx_word' id='word_1_167' title='bbox 1687 2562 1840 2643; x_wconf 90' lang='lat' dir='ltr'>quia</span> <span class='ocrx_word' id='word_1_168' title='bbox 1886 2560 2001 2627; x_wconf 86' lang='lat' dir='ltr'>illa</span> <span class='ocrx_word' id='word_1_169' title='bbox 2037 2560 2255 2623; x_wconf 89' lang='lat' dir='ltr'>solum</span> <span class='ocrx_word' id='word_1_170' title='bbox 2293 2570 2702 2642; x_wconf 87' lang='lat' dir='ltr'>apparenter</span> <span class='ocrx_word' id='word_1_171' title='bbox 2735 2580 2900 2621; x_wconf 91' lang='lat' dir='ltr'>vera</span> 
     </span>
     <span class='ocr_line' id='line_1_21' title="bbox 649 2655 2900 2738; baseline 0 -23"><span class='ocrx_word' id='word_1_172' title='bbox 649 2664 829 2728; x_wconf 89' lang='lat' dir='ltr'>sunt,</span> <span class='ocrx_word' id='word_1_173' title='bbox 870 2666 940 2718; x_wconf 90' lang='lat' dir='ltr'>et</span> <span class='ocrx_word' id='word_1_174' title='bbox 986 2656 1081 2719; x_wconf 90' lang='lat' dir='ltr'>illi</span> <span class='ocrx_word' id='word_1_175' title='bbox 1120 2657 1231 2738; x_wconf 90' lang='lat' dir='ltr'>qui</span> <span class='ocrx_word' id='word_1_176' title='bbox 1269 2655 1573 2719; x_wconf 88' lang='lat' dir='ltr'>Verbum</span> <span class='ocrx_word' id='word_1_177' title='bbox 1611 2656 1984 2719; x_wconf 87' lang='lat' dir='ltr'>secundum</span> <span class='ocrx_word' id='word_1_178' title='bbox 2022 2655 2321 2719; x_wconf 88' lang='lat' dir='ltr'>litteram</span> <span class='ocrx_word' id='word_1_179' title='bbox 2359 2656 2900 2735; x_wconf 87' lang='lat' dir='ltr'>interpretantur</span> 
     </span>
     <span class='ocr_line' id='line_1_22' title="bbox 650 2746 2898 2831; baseline 0.001 -22"><span class='ocrx_word' id='word_1_180' title='bbox 650 2766 853 2827; x_wconf 86' lang='lat' dir='ltr'>aegre</span> <span class='ocrx_word' id='word_1_181' title='bbox 880 2759 1163 2829; x_wconf 84' lang='lat' dir='ltr'>possunt</span> <span class='ocrx_word' id='word_1_182' title='bbox 1190 2749 1503 2831; x_wconf 86' lang='lat' dir='ltr'>redargui</span> <span class='ocrx_word' id='word_1_183' title='bbox 1534 2749 1876 2823; x_wconf 81' lang='lat' dir='ltr'>salsorum,</span> <span class='ocrx_word' id='word_1_184' title='bbox 1905 2750 2082 2812; x_wconf 87' lang='lat' dir='ltr'>dixit</span> <span class='ocrx_word' id='word_1_185' title='bbox 2105 2746 2484 2829; x_wconf 74' lang='lat' dir='ltr'>[¹¹Jehovah‚</span> <span class='ocrx_word' id='word_1_186' title='bbox 2517 2752 2556 2779; x_wconf 82' lang='lat'>‘⁴</span> <span class='ocrx_word' id='word_1_187' title='bbox 2577 2746 2898 2829; x_wconf 87' lang='lat' dir='ltr'>Increpet</span> 
     </span>
     <span class='ocr_line' id='line_1_23' title="bbox 647 2838 2896 2923; baseline -0.001 -20"><span class='ocrx_word' id='word_1_188' title='bbox 647 2850 721 2903; x_wconf 93' lang='lat' dir='ltr'>te</span> <span class='ocrx_word' id='word_1_189' title='bbox 757 2838 1133 2919; x_wconf 86' lang='lat' dir='ltr'>Jehovah,”</span> <span class='ocrx_word' id='word_1_190' title='bbox 1164 2841 1339 2903; x_wconf 89' lang='lat' dir='ltr'>sicut</span> <span class='ocrx_word' id='word_1_191' title='bbox 1377 2861 1583 2923; x_wconf 90' lang='lat' dir='ltr'>supra</span> <span class='ocrx_word' id='word_1_192' title='bbox 1615 2857 1686 2917; x_wconf 85' lang='lat' dir='ltr'>(n.</span> <span class='ocrx_word' id='word_1_193' title='bbox 1709 2854 1881 2922; x_wconf 84' lang='lat'>735),</span> <span class='ocrx_word' id='word_1_194' title='bbox 1909 2841 2022 2903; x_wconf 92' lang='lat' dir='ltr'>ubi</span> <span class='ocrx_word' id='word_1_195' title='bbox 2053 2840 2444 2921; x_wconf 83' lang='lat' dir='ltr'>explicatur</span> <span class='ocrx_word' id='word_1_196' title='bbox 2478 2838 2640 2920; x_wconf 90' lang='lat' dir='ltr'>quid</span> <span class='ocrx_word' id='word_1_197' title='bbox 2679 2839 2896 2919; x_wconf 87' lang='lat' dir='ltr'>signi-</span> 
     </span>
     <span class='ocr_line' id='line_1_24' title="bbox 650 2929 2898 3015; baseline -0.001 -20"><span class='ocrx_word' id='word_1_198' title='bbox 650 2933 810 2997; x_wconf 85' lang='lat' dir='ltr'>ficat</span> <span class='ocrx_word' id='word_1_199' title='bbox 857 2934 1037 3015; x_wconf 91' lang='lat' dir='ltr'>quod</span> <span class='ocrx_word' id='word_1_200' title='bbox 1088 2932 1443 2996; x_wconf 89' lang='lat' dir='ltr'>“Michael</span> <span class='ocrx_word' id='word_1_201' title='bbox 1489 2953 1643 2995; x_wconf 90' lang='lat' dir='ltr'>cum</span> <span class='ocrx_word' id='word_1_202' title='bbox 1689 2933 1964 2996; x_wconf 90' lang='lat' dir='ltr'>diabolo</span> <span class='ocrx_word' id='word_1_203' title='bbox 2009 2931 2492 3011; x_wconf 86' lang='lat' dir='ltr'>disceptaverit</span> <span class='ocrx_word' id='word_1_204' title='bbox 2539 2932 2624 2995; x_wconf 93' lang='lat' dir='ltr'>de</span> <span class='ocrx_word' id='word_1_205' title='bbox 2681 2929 2898 2993; x_wconf 87' lang='lat' dir='ltr'>Mosis</span> 
     </span>
     <span class='ocr_line' id='line_1_25' title="bbox 649 3023 2898 3109; baseline -0.001 -19"><span class='ocrx_word' id='word_1_206' title='bbox 649 3026 990 3109; x_wconf 84' lang='lat' dir='ltr'>corpore‚”</span> <span class='ocrx_word' id='word_1_207' title='bbox 1035 3036 1106 3090; x_wconf 91' lang='lat' dir='ltr'>et</span> <span class='ocrx_word' id='word_1_208' title='bbox 1160 3026 1343 3109; x_wconf 90' lang='lat' dir='ltr'>quod</span> <span class='ocrx_word' id='word_1_209' title='bbox 1398 3026 1691 3091; x_wconf 88' lang='lat' dir='ltr'>Michael</span> <span class='ocrx_word' id='word_1_210' title='bbox 1739 3027 1990 3090; x_wconf 85' lang='lat' dir='ltr'>dixerit</span> <span class='ocrx_word' id='word_1_211' title='bbox 2044 3025 2340 3099; x_wconf 85' lang='lat' dir='ltr'>diabolo,</span> <span class='ocrx_word' id='word_1_212' title='bbox 2394 3023 2770 3105; x_wconf 88' lang='lat' dir='ltr'>“Increpet</span> <span class='ocrx_word' id='word_1_213' title='bbox 2829 3035 2898 3087; x_wconf 92' lang='lat' dir='ltr'>te</span> 
     </span>
     <span class='ocr_line' id='line_1_26' title="bbox 650 3116 2900 3204; baseline -0.002 -19"><span class='ocrx_word' id='word_1_214' title='bbox 650 3122 983 3185; x_wconf 90' lang='lat' dir='ltr'>Dominus</span> <span class='ocrx_word' id='word_1_215' title='bbox 1000 3120 1029 3147; x_wconf 77' lang='lat'>’⁹</span> <span class='ocrx_word' id='word_1_216' title='bbox 1070 3119 1385 3204; x_wconf 82' lang='lat' dir='ltr'>([Epist.]</span> <span class='ocrx_word' id='word_1_217' title='bbox 1434 3120 1604 3195; x_wconf 79' lang='lat' dir='ltr'>Jud.</span> <span class='ocrx_word' id='word_1_218' title='bbox 1651 3142 1822 3183; x_wconf 74' lang='grc' dir='ltr'>νει-5.</span> <span class='ocrx_word' id='word_1_219' title='bbox 1859 3120 1954 3202; x_wconf 90' lang='grc'>9).</span> <span class='ocrx_word' id='word_1_220' title='bbox 2044 3119 2222 3202; x_wconf 86' lang='lat' dir='ltr'>Quia</span> <span class='ocrx_word' id='word_1_221' title='bbox 2266 3138 2498 3182; x_wconf 91' lang='lat' dir='ltr'>verum</span> <span class='ocrx_word' id='word_1_222' title='bbox 2545 3116 2900 3181; x_wconf 63' lang='lat' dir='ltr'>doctrinae</span> 
     </span>
     <span class='ocr_line' id='line_1_27' title="bbox 650 3211 2899 3297; baseline -0.001 -18"><span class='ocrx_word' id='word_1_223' title='bbox 650 3238 739 3279; x_wconf 85' lang='lat' dir='ltr'>ex</span> <span class='ocrx_word' id='word_1_224' title='bbox 775 3216 1010 3279; x_wconf 88' lang='lat' dir='ltr'>Verbo</span> <span class='ocrx_word' id='word_1_225' title='bbox 1046 3214 1467 3297; x_wconf 86' lang='lat' dir='ltr'>intelligitur,</span> <span class='ocrx_word' id='word_1_226' title='bbox 1501 3215 1684 3297; x_wconf 89' lang='lat' dir='ltr'>quod</span> <span class='ocrx_word' id='word_1_227' title='bbox 1716 3214 2138 3279; x_wconf 79' lang='lat' dir='ltr'>falsificatum</span> <span class='ocrx_word' id='word_1_228' title='bbox 2171 3224 2298 3287; x_wconf 91' lang='lat' dir='ltr'>est,</span> <span class='ocrx_word' id='word_1_229' title='bbox 2327 3214 2590 3288; x_wconf 85' lang='lat' dir='ltr'>dicitur,</span> <span class='ocrx_word' id='word_1_230' title='bbox 2630 3211 2899 3294; x_wconf 86' lang='lat' dir='ltr'>“Jeho-</span> 
     </span>
     <span class='ocr_line' id='line_1_28' title="bbox 650 3306 2900 3391; baseline -0.002 -17"><span class='ocrx_word' id='word_1_231' title='bbox 650 3313 785 3374; x_wconf 86' lang='lat' dir='ltr'>vah</span> <span class='ocrx_word' id='word_1_232' title='bbox 803 3311 1064 3391; x_wconf 89' lang='lat' dir='ltr'>eligens</span> <span class='ocrx_word' id='word_1_233' title='bbox 1087 3308 1636 3389; x_wconf 88' lang='lat' dir='ltr'>Hierosolymam</span> <span class='ocrx_word' id='word_1_234' title='bbox 1663 3330 1678 3386; x_wconf 90' lang='grc'><strong>;</strong></span> <span class='ocrx_word' id='word_1_235' title='bbox 1713 3329 1936 3372; x_wconf 90' lang='lat' dir='ltr'>nonne</span> <span class='ocrx_word' id='word_1_236' title='bbox 1957 3309 2074 3372; x_wconf 89' lang='lat' dir='ltr'>illa</span> <span class='ocrx_word' id='word_1_237' title='bbox 2093 3310 2247 3373; x_wconf 88' lang='lat' dir='ltr'>titio</span> <span class='ocrx_word' id='word_1_238' title='bbox 2263 3320 2536 3388; x_wconf 91' lang='lat' dir='ltr'>ereptus</span> <span class='ocrx_word' id='word_1_239' title='bbox 2555 3329 2642 3370; x_wconf 85' lang='lat' dir='ltr'>ex</span> <span class='ocrx_word' id='word_1_240' title='bbox 2665 3306 2832 3389; x_wconf 88' lang='lat' dir='ltr'>igne</span> <span class='ocrx_word' id='word_1_241' title='bbox 2843 3307 2900 3369; x_wconf 90' lang='lat'>?”</span> 
     </span>
     <span class='ocr_line' id='line_1_29' title="bbox 652 3400 2902 3485; baseline -0.002 -16"><span class='ocrx_word' id='word_1_242' title='bbox 652 3405 778 3469; x_wconf 89' lang='lat' dir='ltr'>Per</span> <span class='ocrx_word' id='word_1_243' title='bbox 805 3411 845 3437; x_wconf 82' lang='lat'>‘⁴</span> <span class='ocrx_word' id='word_1_244' title='bbox 866 3403 1416 3484; x_wconf 88' lang='lat' dir='ltr'>Hierosolymam</span> <span class='ocrx_word' id='word_1_245' title='bbox 1429 3402 1461 3428; x_wconf 86' lang='lat'>&#39;&#39;</span> <span class='ocrx_word' id='word_1_246' title='bbox 1492 3402 1909 3484; x_wconf 88' lang='lat' dir='ltr'>significatur</span> <span class='ocrx_word' id='word_1_247' title='bbox 1939 3400 2248 3467; x_wconf 59' lang='lat' dir='ltr'>doctrina</span> <span class='ocrx_word' id='word_1_248' title='bbox 2278 3402 2628 3477; x_wconf 87' lang='lat' dir='ltr'>ecclesiae,</span> <span class='ocrx_word' id='word_1_249' title='bbox 2663 3413 2734 3466; x_wconf 90' lang='lat' dir='ltr'>et</span> <span class='ocrx_word' id='word_1_250' title='bbox 2777 3422 2902 3485; x_wconf 88' lang='lat' dir='ltr'>per</span> 
     </span>
     <span class='ocr_line' id='line_1_30' title="bbox 654 3496 2900 3580; baseline -0.001 -18"><span class='ocrx_word' id='word_1_251' title='bbox 654 3500 1026 3562; x_wconf 84' lang='lat' dir='ltr'>“titionem</span> <span class='ocrx_word' id='word_1_252' title='bbox 1062 3507 1374 3580; x_wconf 88' lang='lat' dir='ltr'>ereptum</span> <span class='ocrx_word' id='word_1_253' title='bbox 1420 3518 1511 3559; x_wconf 86' lang='lat' dir='ltr'>ex</span> <span class='ocrx_word' id='word_1_254' title='bbox 1558 3496 1764 3577; x_wconf 89' lang='lat' dir='ltr'>igne&#39;’</span> <span class='ocrx_word' id='word_1_255' title='bbox 1799 3496 2216 3577; x_wconf 85' lang='lat' dir='ltr'>significatur</span> <span class='ocrx_word' id='word_1_256' title='bbox 2260 3497 2439 3579; x_wconf 87' lang='lat' dir='ltr'>quod</span> <span class='ocrx_word' id='word_1_257' title='bbox 2481 3516 2714 3577; x_wconf 88' lang='lat' dir='ltr'>parum</span> <span class='ocrx_word' id='word_1_258' title='bbox 2753 3498 2900 3561; x_wconf 86' lang='lat' dir='ltr'>veri</span> 
     </span>
     <span class='ocr_line' id='line_1_31' title="bbox 651 3586 2900 3657; baseline -0.001 0"><span class='ocrx_word' id='word_1_259' title='bbox 651 3594 987 3657; x_wconf 88' lang='lat' dir='ltr'>residuum</span> <span class='ocrx_word' id='word_1_260' title='bbox 1042 3594 1150 3655; x_wconf 91' lang='lat' dir='ltr'>sit.</span> <span class='ocrx_word' id='word_1_261' title='bbox 1240 3590 1319 3654; x_wconf 88' lang='lat' dir='ltr'>In</span> <span class='ocrx_word' id='word_1_262' title='bbox 1372 3591 1476 3654; x_wconf 89' lang='lat' dir='ltr'>his</span> <span class='ocrx_word' id='word_1_263' title='bbox 1529 3590 1696 3654; x_wconf 91' lang='lat' dir='ltr'>locis</span> <span class='ocrx_word' id='word_1_264' title='bbox 1755 3592 1823 3654; x_wconf 94' lang='lat' dir='ltr'>in</span> <span class='ocrx_word' id='word_1_265' title='bbox 1870 3591 2107 3655; x_wconf 90' lang='lat' dir='ltr'>Veteri</span> <span class='ocrx_word' id='word_1_266' title='bbox 2161 3586 2615 3654; x_wconf 81' lang='lat' dir='ltr'>Testamento</span> <span class='ocrx_word' id='word_1_267' title='bbox 2670 3590 2900 3655; x_wconf 90' lang='lat' dir='ltr'>solum</span> 
     </span>
     <span class='ocr_line' id='line_1_32' title="bbox 654 3685 2899 3767; baseline -0 -17"><span class='ocrx_word' id='word_1_268' title='bbox 654 3695 988 3751; x_wconf 90' lang='lat' dir='ltr'>“satanas</span> <span class='ocrx_word' id='word_1_269' title='bbox 1003 3686 1034 3712; x_wconf 78' lang='lat'>&#39;⁹</span> <span class='ocrx_word' id='word_1_270' title='bbox 1066 3686 1472 3759; x_wconf 89' lang='lat' dir='ltr'>nominatur,</span> <span class='ocrx_word' id='word_1_271' title='bbox 1507 3695 1577 3749; x_wconf 93' lang='lat' dir='ltr'>et</span> <span class='ocrx_word' id='word_1_272' title='bbox 1616 3685 1853 3748; x_wconf 90' lang='lat' dir='ltr'>nullibi</span> <span class='ocrx_word' id='word_1_273' title='bbox 1886 3685 2216 3760; x_wconf 78' lang='lat' dir='ltr'>diaboluS,</span> <span class='ocrx_word' id='word_1_274' title='bbox 2253 3686 2374 3747; x_wconf 91' lang='lat' dir='ltr'>sed</span> <span class='ocrx_word' id='word_1_275' title='bbox 2412 3706 2534 3767; x_wconf 89' lang='lat' dir='ltr'>pro</span> <span class='ocrx_word' id='word_1_276' title='bbox 2569 3685 2689 3748; x_wconf 89' lang='lat' dir='ltr'>illo</span> <span class='ocrx_word' id='word_1_277' title='bbox 2727 3686 2899 3751; x_wconf 91' lang='lat' dir='ltr'>dici-</span> 
     </span>
     <span class='ocr_line' id='line_1_33' title="bbox 650 3778 2902 3855; baseline -0 -10"><span class='ocrx_word' id='word_1_278' title='bbox 650 3793 759 3845; x_wconf 90' lang='lat' dir='ltr'>tur</span> <span class='ocrx_word' id='word_1_279' title='bbox 778 3790 816 3813; x_wconf 79' lang='lat'>‘⁶</span> <span class='ocrx_word' id='word_1_280' title='bbox 834 3779 1109 3852; x_wconf 74' lang='lat' dir='ltr'>hosti5‚”</span> <span class='ocrx_word' id='word_1_281' title='bbox 1126 3785 1165 3811; x_wconf 77' lang='lat'>‘⁴</span> <span class='ocrx_word' id='word_1_282' title='bbox 1182 3778 1546 3855; x_wconf 78' lang='lat' dir='ltr'>inimicu5,”</span> <span class='ocrx_word' id='word_1_283' title='bbox 1570 3786 1609 3811; x_wconf 81' lang='lat'>‘⁸</span> <span class='ocrx_word' id='word_1_284' title='bbox 1632 3780 1846 3855; x_wconf 88' lang='lat' dir='ltr'>osor,”</span> <span class='ocrx_word' id='word_1_285' title='bbox 1865 3785 1906 3812; x_wconf 89' lang='lat'><strong>“</strong></span> <span class='ocrx_word' id='word_1_286' title='bbox 1921 3780 2402 3855; x_wconf 78' lang='lat' dir='ltr'>adversariu3‚”</span> <span class='ocrx_word' id='word_1_287' title='bbox 2420 3784 2460 3812; x_wconf 77' lang='lat'>‘⁸</span> <span class='ocrx_word' id='word_1_288' title='bbox 2479 3781 2902 3855; x_wconf 87' lang='lat' dir='ltr'>accusator,”</span> 
     </span>
     <span class='ocr_line' id='line_1_34' title="bbox 654 3874 2900 3949; baseline 0 -10"><span class='ocrx_word' id='word_1_289' title='bbox 654 3874 1062 3949; x_wconf 85' lang='lat' dir='ltr'>“daemon‚&#39;&#39;</span> <span class='ocrx_word' id='word_1_290' title='bbox 1099 3884 1244 3938; x_wconf 90' lang='lat' dir='ltr'>tum</span> <span class='ocrx_word' id='word_1_291' title='bbox 1286 3874 1571 3938; x_wconf 86' lang='lat' dir='ltr'>“mors”</span> <span class='ocrx_word' id='word_1_292' title='bbox 1615 3884 1688 3938; x_wconf 90' lang='lat' dir='ltr'>et</span> <span class='ocrx_word' id='word_1_293' title='bbox 1737 3874 2178 3938; x_wconf 84' lang='lat' dir='ltr'>“infernum.”</span> <span class='ocrx_word' id='word_1_294' title='bbox 2267 3874 2380 3937; x_wconf 85' lang='lat' dir='ltr'>Ex</span> <span class='ocrx_word' id='word_1_295' title='bbox 2428 3875 2531 3938; x_wconf 89' lang='lat' dir='ltr'>his</span> <span class='ocrx_word' id='word_1_296' title='bbox 2577 3887 2900 3939; x_wconf 86' lang='lat' dir='ltr'>constare</span> 
     </span>
     <span class='ocr_line' id='line_1_35' title="bbox 650 3968 2900 4053; baseline -0 -19"><span class='ocrx_word' id='word_1_297' title='bbox 650 3980 883 4053; x_wconf 89' lang='lat' dir='ltr'>potest</span> <span class='ocrx_word' id='word_1_298' title='bbox 945 3969 1125 4051; x_wconf 90' lang='lat' dir='ltr'>quod</span> <span class='ocrx_word' id='word_1_299' title='bbox 1187 3988 1305 4050; x_wconf 88' lang='lat' dir='ltr'>per</span> <span class='ocrx_word' id='word_1_300' title='bbox 1361 3968 1808 4031; x_wconf 88' lang='lat' dir='ltr'>“diabolum”</span> <span class='ocrx_word' id='word_1_301' title='bbox 1861 3968 2278 4049; x_wconf 85' lang='lat' dir='ltr'>significetur</span> <span class='ocrx_word' id='word_1_302' title='bbox 2329 3970 2658 4033; x_wconf 86' lang='lat' dir='ltr'>infernum</span> <span class='ocrx_word' id='word_1_303' title='bbox 2716 3972 2900 4033; x_wconf 91' lang='lat' dir='ltr'>unde</span> 
     </span>
     <span class='ocr_line' id='line_1_36' title="bbox 653 4062 2897 4148; baseline -0 -20"><span class='ocrx_word' id='word_1_304' title='bbox 653 4064 853 4140; x_wconf 85' lang='lat' dir='ltr'>mala,</span> <span class='ocrx_word' id='word_1_305' title='bbox 901 4074 973 4126; x_wconf 91' lang='lat' dir='ltr'>et</span> <span class='ocrx_word' id='word_1_306' title='bbox 1022 4084 1137 4144; x_wconf 90' lang='lat' dir='ltr'>per</span> <span class='ocrx_word' id='word_1_307' title='bbox 1186 4062 1599 4127; x_wconf 87' lang='lat' dir='ltr'>“satanam&#39;’</span> <span class='ocrx_word' id='word_1_308' title='bbox 1647 4064 1976 4126; x_wconf 87' lang='lat' dir='ltr'>infernum</span> <span class='ocrx_word' id='word_1_309' title='bbox 2023 4064 2199 4126; x_wconf 92' lang='lat' dir='ltr'>unde</span> <span class='ocrx_word' id='word_1_310' title='bbox 2244 4063 2451 4142; x_wconf 82' lang='lat' dir='ltr'>falsa3</span> <span class='ocrx_word' id='word_1_311' title='bbox 2505 4074 2578 4127; x_wconf 89' lang='lat' dir='ltr'>ut</span> <span class='ocrx_word' id='word_1_312' title='bbox 2624 4084 2897 4148; x_wconf 90' lang='lat' dir='ltr'>quoque</span> 
     </span>
     <span class='ocr_line' id='line_1_37' title="bbox 650 4157 1764 4241; baseline -0.003 -18"><span class='ocrx_word' id='word_1_313' title='bbox 650 4160 721 4223; x_wconf 87' lang='lat' dir='ltr'>in</span> <span class='ocrx_word' id='word_1_314' title='bbox 758 4157 1194 4241; x_wconf 88' lang='lat' dir='ltr'>sequentibus</span> <span class='ocrx_word' id='word_1_315' title='bbox 1230 4158 1298 4220; x_wconf 92' lang='lat' dir='ltr'>in</span> <span class='ocrx_word' id='word_1_316' title='bbox 1336 4157 1764 4239; x_wconf 82' lang='lat' dir='ltr'>Apocalypsi,</span> 
     </span>
    </p>
   </div>
   <div class='ocr_carea' id='block_1_5' title="bbox 712 4314 2900 4708">
    <p class='ocr_par' dir='ltr' id='par_1_5' title="bbox 712 4314 2900 4708">
     <span class='ocr_line' id='line_1_38' title="bbox 712 4314 2898 4383; baseline -0.001 -14"><span class='ocrx_word' id='word_1_317' title='bbox 712 4314 953 4369; x_wconf 66' lang='lat' dir='ltr'>“Postea</span> <span class='ocrx_word' id='word_1_318' title='bbox 978 4317 1087 4365; x_wconf 86' lang='lat' dir='ltr'>vidi</span> <span class='ocrx_word' id='word_1_319' title='bbox 1116 4316 1367 4379; x_wconf 72' lang='lat' dir='ltr'>angelum</span> <span class='ocrx_word' id='word_1_320' title='bbox 1396 4317 1812 4367; x_wconf 79' lang='lat' dir='ltr'>descendentem</span> <span class='ocrx_word' id='word_1_321' title='bbox 1841 4332 1872 4366; x_wconf 94' lang='lat' dir='ltr'>e</span> <span class='ocrx_word' id='word_1_322' title='bbox 1900 4317 2065 4376; x_wconf 80' lang='lat' dir='ltr'>caelo,</span> <span class='ocrx_word' id='word_1_323' title='bbox 2089 4316 2178 4381; x_wconf 81' lang='lat' dir='ltr'>qui</span> <span class='ocrx_word' id='word_1_324' title='bbox 2206 4316 2438 4367; x_wconf 79' lang='lat' dir='ltr'>habebat</span> <span class='ocrx_word' id='word_1_325' title='bbox 2464 4317 2670 4367; x_wconf 80' lang='lat' dir='ltr'>clavem</span> <span class='ocrx_word' id='word_1_326' title='bbox 2693 4319 2898 4383; x_wconf 78' lang='lat' dir='ltr'>abyssi,</span> 
     </span>
     <span class='ocr_line' id='line_1_39' title="bbox 911 4382 2898 4445; baseline 0.001 -14"><span class='ocrx_word' id='word_1_327' title='bbox 911 4391 965 4431; x_wconf 89' lang='lat' dir='ltr'>et</span> <span class='ocrx_word' id='word_1_328' title='bbox 990 4391 1234 4431; x_wconf 86' lang='lat' dir='ltr'>catenam</span> <span class='ocrx_word' id='word_1_329' title='bbox 1255 4396 1507 4444; x_wconf 80' lang='lat' dir='ltr'>magnam</span> <span class='ocrx_word' id='word_1_330' title='bbox 1528 4398 1690 4445; x_wconf 89' lang='lat' dir='ltr'>super</span> <span class='ocrx_word' id='word_1_331' title='bbox 1708 4398 1871 4431; x_wconf 91' lang='lat' dir='ltr'>manu</span> <span class='ocrx_word' id='word_1_332' title='bbox 1895 4398 1994 4431; x_wconf 85' lang='lat' dir='ltr'>sua</span> <span class='ocrx_word' id='word_1_333' title='bbox 2013 4396 2026 4441; x_wconf 85' lang='lat'><strong>;</strong></span> <span class='ocrx_word' id='word_1_334' title='bbox 2061 4382 2146 4432; x_wconf 87' lang='lat' dir='ltr'>hic</span> <span class='ocrx_word' id='word_1_335' title='bbox 2165 4383 2571 4444; x_wconf 86' lang='lat' dir='ltr'>comprehendit</span> <span class='ocrx_word' id='word_1_336' title='bbox 2587 4384 2898 4441; x_wconf 85' lang='lat' dir='ltr'>draconem,</span> 
     </span>
     <span class='ocr_line' id='line_1_40' title="bbox 912 4447 2900 4511; baseline 0 -14"><span class='ocrx_word' id='word_1_337' title='bbox 912 4457 1217 4510; x_wconf 73' lang='lat' dir='ltr'>serpentem</span> <span class='ocrx_word' id='word_1_338' title='bbox 1236 4448 1530 4511; x_wconf 78' lang='lat' dir='ltr'>antiquum,</span> <span class='ocrx_word' id='word_1_339' title='bbox 1550 4448 1639 4510; x_wconf 90' lang='lat' dir='ltr'>qui</span> <span class='ocrx_word' id='word_1_340' title='bbox 1657 4456 1740 4497; x_wconf 83' lang='lat' dir='ltr'>est</span> <span class='ocrx_word' id='word_1_341' title='bbox 1757 4447 2004 4497; x_wconf 76' lang='lat' dir='ltr'>diabolus</span> <span class='ocrx_word' id='word_1_342' title='bbox 2021 4456 2076 4497; x_wconf 89' lang='lat' dir='ltr'>et</span> <span class='ocrx_word' id='word_1_343' title='bbox 2089 4458 2324 4506; x_wconf 79' lang='lat' dir='ltr'>satanas,</span> <span class='ocrx_word' id='word_1_344' title='bbox 2343 4458 2396 4497; x_wconf 87' lang='lat' dir='ltr'>et</span> <span class='ocrx_word' id='word_1_345' title='bbox 2414 4448 2588 4498; x_wconf 81' lang='lat' dir='ltr'>vinxit</span> <span class='ocrx_word' id='word_1_346' title='bbox 2603 4462 2730 4498; x_wconf 82' lang='lat' dir='ltr'>eum</span> <span class='ocrx_word' id='word_1_347' title='bbox 2751 4450 2900 4498; x_wconf 87' lang='lat' dir='ltr'>mille</span> 
     </span>
     <span class='ocr_line' id='line_1_41' title="bbox 909 4512 2898 4575; baseline 0.001 -13"><span class='ocrx_word' id='word_1_348' title='bbox 909 4527 1103 4562; x_wconf 76' lang='lat' dir='ltr'>annos.</span> <span class='ocrx_word' id='word_1_349' title='bbox 1140 4550 1152 4563; x_wconf 92' lang='lat'>.</span> <span class='ocrx_word' id='word_1_350' title='bbox 1174 4550 1187 4563; x_wconf 89' lang='lat'><strong>.</strong></span> <span class='ocrx_word' id='word_1_351' title='bbox 1205 4550 1218 4562; x_wconf 90' lang='lat'>.</span> <span class='ocrx_word' id='word_1_352' title='bbox 1238 4550 1251 4563; x_wconf 92' lang='lat'><em>.</em></span> <span class='ocrx_word' id='word_1_353' title='bbox 1266 4512 1332 4562; x_wconf 87' lang='lat' dir='ltr'>Et</span> <span class='ocrx_word' id='word_1_354' title='bbox 1348 4513 1561 4575; x_wconf 85' lang='lat' dir='ltr'>quando</span> <span class='ocrx_word' id='word_1_355' title='bbox 1574 4516 1933 4563; x_wconf 76' lang='lat' dir='ltr'>consummati</span> <span class='ocrx_word' id='word_1_356' title='bbox 1948 4513 2163 4563; x_wconf 79' lang='lat' dir='ltr'>fuerunt</span> <span class='ocrx_word' id='word_1_357' title='bbox 2178 4512 2325 4562; x_wconf 85' lang='lat' dir='ltr'>mille</span> <span class='ocrx_word' id='word_1_358' title='bbox 2339 4514 2484 4571; x_wconf 87' lang='lat' dir='ltr'>anni,</span> <span class='ocrx_word' id='word_1_359' title='bbox 2501 4514 2744 4563; x_wconf 78' lang='lat' dir='ltr'>solvetur</span> <span class='ocrx_word' id='word_1_360' title='bbox 2758 4524 2898 4564; x_wconf 70' lang='lat' dir='ltr'>sata-</span> 
     </span>
     <span class='ocr_line' id='line_1_42' title="bbox 912 4578 2894 4642; baseline -0.001 -14"><span class='ocrx_word' id='word_1_361' title='bbox 912 4594 1010 4628; x_wconf 82' lang='lat' dir='ltr'>nas</span> <span class='ocrx_word' id='word_1_362' title='bbox 1045 4594 1074 4628; x_wconf 93' lang='lat' dir='ltr'>e</span> <span class='ocrx_word' id='word_1_363' title='bbox 1109 4578 1351 4627; x_wconf 88' lang='lat' dir='ltr'>custodia</span> <span class='ocrx_word' id='word_1_364' title='bbox 1377 4578 1522 4637; x_wconf 82' lang='lat' dir='ltr'>sua‚”</span> <span class='ocrx_word' id='word_1_365' title='bbox 1546 4588 1600 4627; x_wconf 91' lang='lat' dir='ltr'>et</span> <span class='ocrx_word' id='word_1_366' title='bbox 1636 4580 1852 4628; x_wconf 88' lang='lat' dir='ltr'>seducet</span> <span class='ocrx_word' id='word_1_367' title='bbox 1879 4588 2103 4641; x_wconf 82' lang='lat' dir='ltr'>gentes:</span> <span class='ocrx_word' id='word_1_368' title='bbox 2140 4579 2234 4627; x_wconf 89' lang='lat' dir='ltr'>“et</span> <span class='ocrx_word' id='word_1_369' title='bbox 2269 4578 2532 4637; x_wconf 76' lang='lat' dir='ltr'>diaboluS,</span> <span class='ocrx_word' id='word_1_370' title='bbox 2562 4578 2650 4642; x_wconf 90' lang='lat' dir='ltr'>qui</span> <span class='ocrx_word' id='word_1_371' title='bbox 2681 4580 2894 4629; x_wconf 84' lang='lat' dir='ltr'>seduxit</span> 
     </span>
     <span class='ocr_line' id='line_1_43' title="bbox 908 4642 2894 4708; baseline -0.001 -13"><span class='ocrx_word' id='word_1_372' title='bbox 908 4658 1022 4705; x_wconf 77' lang='lat' dir='ltr'>eos,</span> <span class='ocrx_word' id='word_1_373' title='bbox 1047 4642 1324 4708; x_wconf 59' lang='lat' dir='ltr'>conjectus</span> <span class='ocrx_word' id='word_1_374' title='bbox 1342 4654 1427 4693; x_wconf 83' lang='lat' dir='ltr'>est</span> <span class='ocrx_word' id='word_1_375' title='bbox 1450 4644 1504 4693; x_wconf 89' lang='lat' dir='ltr'>in</span> <span class='ocrx_word' id='word_1_376' title='bbox 1530 4655 1782 4707; x_wconf 79' lang='lat' dir='ltr'>stagnum</span> <span class='ocrx_word' id='word_1_377' title='bbox 1808 4644 1950 4707; x_wconf 75' lang='lat' dir='ltr'>ignis</span> <span class='ocrx_word' id='word_1_378' title='bbox 1967 4654 2023 4693; x_wconf 91' lang='lat' dir='ltr'>et</span> <span class='ocrx_word' id='word_1_379' title='bbox 2045 4644 2313 4707; x_wconf 83' lang='lat' dir='ltr'>sulphuris</span> <span class='ocrx_word' id='word_1_380' title='bbox 2331 4642 2359 4663; x_wconf 89' lang='lat'><strong>”</strong></span> <span class='ocrx_word' id='word_1_381' title='bbox 2377 4644 2484 4705; x_wconf 82' lang='lat' dir='ltr'>(xx.</span> <span class='ocrx_word' id='word_1_382' title='bbox 2515 4656 2554 4703; x_wconf 82' lang='grc' dir='ltr'>ι,</span> <span class='ocrx_word' id='word_1_383' title='bbox 2581 4656 2627 4704; x_wconf 80' lang='lat'>2,</span> <span class='ocrx_word' id='word_1_384' title='bbox 2654 4656 2700 4705; x_wconf 81' lang='grc'>7,</span> <span class='ocrx_word' id='word_1_385' title='bbox 2727 4645 2775 4706; x_wconf 83' lang='grc'>8,</span> <span class='ocrx_word' id='word_1_386' title='bbox 2798 4644 2894 4706; x_wconf 84' lang='lat'>10).</span> 
     </span>
    </p>
   </div>
   <div class='ocr_carea' id='block_1_6' title="bbox 3203 618 3207 4597">
    <p class='ocr_par' dir='ltr' id='par_1_6' title="bbox 3203 618 3207 4597">
     <span class='ocr_line' id='line_1_44' title="bbox 3203 618 3207 4597; baseline 0 0"><span class='ocrx_word' id='word_1_387' title='bbox 3203 618 3207 4597; x_wconf 95' lang='lat' dir='ltr'> </span> 
     </span>
    </p>
   </div>
  </div>
 </body>
</html>
