3259 5384
1150 688 1311 740 cAP.
1346 688 1523 753 κη,
1556 688 1766 739 vans.
1810 676 2064 739 18.—N.
2097 673 2242 757 916.
2639 673 2808 755 2463

574 856 971 943 principalia
1024 858 1247 924 cultus
1301 867 1522 935 erant,
1579 878 1826 941 nempe
1879 859 2251 923 tentorium
2305 867 2688 923 conventus
2742 866 2814 921 et

572 953 812 1030 altare,
852 973 931 1017 ac
966 964 1211 1037 postea
1250 954 1583 1036 templum
1623 962 1695 1018 et
1733 953 1994 1030 altare3
2036 956 2106 1015 in
2145 950 2408 1034 templo
2438 951 2816 1015 docebatur

572 1046 901 1123 Verbum,
925 1058 997 1113 et
1022 1068 1223 1130 super
1242 1047 1443 1111 altari
1469 1045 1727 1111 fiebant
1753 1046 2106 1125 sacrificia3
2147 1045 2317 1110 haec
2343 1055 2540 1109 erant
2567 1046 2813 1128 princi·

574 1142 755 1224 palia
786 1142 1013 1206 cultus
1043 1142 1351 1206 illorum:
1400 1151 1473 1206 et
1511 1143 1669 1224 quia
1702 1141 1992 1205 ecclesia
2029 1141 2212 1224 apud
2247 1140 2406 1204 illos
2435 1141 2817 1203 instaurata

570 1234 695 1299 suit
728 1234 1021 1298 ecclesia
1051 1236 1659 1318 repraesentativa,
1695 1236 1850 1299 ideo
1883 1235 2002 1298 illa
2032 1236 2168 1297 duo
2201 1234 2814 1316 repraesentabant

574 1330 803 1392 omnia
827 1328 1161 1393 ecclesiae
1192 1331 1257 1393 in
1292 1348 1557 1393 summa
1582 1350 1597 1406 ;
1639 1340 1709 1393 et
1735 1330 1964 1391 omnia
1990 1328 2320 1392 ecclesiae
2352 1329 2419 1390 in
2447 1346 2710 1391 summa
2740 1348 2815 1391 se

574 1423 869 1487 referunt
896 1424 984 1486 ad
1016 1442 1249 1487 verum
1275 1420 1627 1486 doetrinae
1653 1444 1743 1486 ex
1774 1422 2028 1497 Verb0‚
2057 1433 2128 1485 et
2161 1422 2248 1485 ad
2281 1423 2540 1485 bonum
2564 1422 2815 1485 amoris

572 1525 643 1581 et
668 1517 1025 1582 charitatis
1048 1538 1065 1597 ;
1098 1539 1187 1583 ex
1210 1517 1315 1581 his
1335 1518 1601 1581 duobus
1622 1520 1833 1581 etiam
1853 1518 2074 1581 omnis
2094 1516 2320 1580 cultus
2341 1515 2673 1580 ecclesiae
2696 1514 2773 1579 fit
2798 1537 2814 1593 ;

573 1622 646 1676 et
682 1614 839 1694 quia
877 1614 1105 1675 omnia
1142 1614 1727 1695 repraesentativa
1757 1612 2091 1675 ecclesiae
2123 1608 2533 1695 speetabant
2571 1610 2814 1673 Domi·

576 1724 735 1769 num
776 1716 849 1768 ut
888 1706 1090 1769 finem
1128 1726 1208 1770 ac
1256 1716 1331 1769 ut
1369 1724 1668 1780 causam,
1709 1708 1805 1770 ita
1843 1706 1932 1769 ad
1969 1725 2171 1788 quem
2209 1714 2282 1769 et
2319 1726 2360 1767 a
2397 1725 2531 1788 quo
2561 1705 2812 1779 omnia,

575 1800 733 1863 ideo
770 1820 888 1881 ρει·
926 1801 1261 1883 templum
1298 1802 1943 1883 repraesentabatur
1981 1800 2316 1863 Dominus
2351 1800 2576 1881 quoad
2624 1798 2815 1863 Divi·

577 1910 739 1954 num
764 1890 1023 1955 Verum
1048 1912 1127 1956 ac
1155 1913 1276 1974 per
1300 1893 1521 1957 altare
1550 1892 1886 1955 Dominus
1909 1891 2139 1974 quoad
2171 1891 2494 1954 Divinum
2521 1889 2812 1955 Bonum.

573 1997 591 2054 (
600 1997 675 2043 De
690 2010 791 2055 qua
802 1998 968 2056 templi
984 2000 1431 2057 repraesentatione,
1445 2001 1664 2047 videatur
1680 2012 1839 2057 supra.
1853 2012 1900 2045 n.
1917 1996 2070 2053 22ος
2091 2004 2142 2043 et
2157 1998 2220 2043 de
2235 1997 2410 2051 altaris,
2425 2010 2472 2043 n.
2490 1998 2603 2061 391
2619 2032 2630 2050 .
2643 1995 2814 2061 490.)

576 2070 753 2155 Quia
798 2093 975 2136 nunc
1022 2076 1252 2137 omnia
1290 2076 1623 2140 ecclesiae
1672 2085 1743 2140 et
1789 2074 1947 2138 inde
1993 2073 2218 2137 cultus
2263 2093 2337 2136 se
2382 2073 2679 2136 referunt
2725 2072 2816 2135 ad

574 2168 710 2231 duo
754 2167 892 2242 illa,
933 2187 1179 2250 nempe
1215 2170 1303 2231 ad
1339 2190 1572 2234 verum
1612 2166 1968 2233 dofihinae
2006 2178 2078 2231 et
2116 2168 2202 2231 ad
2249 2167 2501 2231 bonum
2540 2168 2811 2241 amoris»,

573 2282 653 2327 ac
691 2264 919 2325 omnia
949 2262 1122 2326 caeli
1153 2264 1239 2326 ad
1274 2264 1597 2328 Divinum
1630 2264 1891 2327 Verum
1934 2273 2004 2328 et
2044 2263 2132 2326 ad
2165 2263 2487 2327 Divinum
2522 2261 2811 2336 Bonum,

577 2366 933 2438 utrumque
978 2377 1019 2419 a
1065 2357 1385 2434 Domino,
1419 2368 1491 2423 et
1541 2359 1700 2441 quia
1746 2378 1898 2421 cum
1947 2357 2115 2420 haec
2154 2368 2432 2421 vastata
2471 2366 2630 2419 sunt
2677 2374 2814 2418 non

573 2450 863 2532 amplius
908 2460 1015 2513 est
1060 2450 1286 2533 aliqua
1353 2452 1668 2527 ecclesia,
1715 2454 1870 2515 ideo
1927 2453 2052 2515 visi
2104 2462 2264 2514 sunt
2326 2450 2622 2532 Johanni
2675 2450 2815 2512 bini

576 2544 844 2625 angeli,'
884 2565 1002 2626 per
1060 2566 1233 2628 quos
1294 2556 1812 2629 repraesentata
1870 2556 1976 2609 est
2036 2546 2424 2609 devastatio
2483 2543 2816 2608 ecclesiae

574 2639 797 2721 quoad
840 2650 1217 2722 utrumque.

695 2738 899 2818 916·
954 2738 1237 2801 “naum
1270 2743 1642 2819 muctarem
1683 2757 1874 2820 supet·
1911 2736 2425 2820 [quom—Quod
2469 2736 2814 2819 significet

574 2830 673 2895 ita
694 2832 917 2914 quoad
932 2854 1221 2897 amorem
1248 2834 1587 2899 caelestem
1608 2844 1676 2898 et
1703 2834 2145 2917 spiritualem,
2174 2844 2450 2897 constat
2480 2854 2571 2897 ex
2603 2834 2815 2914 signi-

576 2924 897 2990 ficatione
938 2928 1234 3009 “igniS,’'
1264 2929 1448 3010 quod
1494 2930 1822 2992 sit-amor
1857 2929 1922 2991 in
1971 2939 2261 3011 utroque
2305 2946 2530 3001 sensu,
2571 2946 2816 3009 nempe

576 3039 770 3085 amor
806 3023 873 3084 in
921 3021 1311 3097 Dominum,
1351 3024 1462 3105 qui
1508 3032 1615 3087 est
1654 3023 1835 3105 apud
1884 3022 2039 3085 illos
2077 3024 2144 3085 in
2181 3022 2375 3085 caelo
2412 3023 2523 3105 qui
2561 3040 2814 3084 vocan-

579 3123 691 3178 tur
724 3115 953 3196 angeli
984 3115 1340 3192 caelestes,
1374 3126 1447 3181 et
1479 3136 1672 3180 amor
1702 3136 1866 3199 erga
1902 3118 2315 3198 proximum,
2342 3116 2454 3197 qui
2491 3125 2598 3178 est
2637 3115 2817 3198 apud

578 3207 735 3272 illos
772 3210 839 3271 in
876 3209 1073 3273 caelo
1107 3211 1219 3293 qui
1256 3222 1590 3275 vocantur
1625 3212 1856 3293 angeli
1891 3210 2316 3293 spirituales;
2363 3229 2442 3272 ac
2481 3211 2548 3272 in
2595 3229 2816 3292 oppo-

580 3303 717 3367 sito
746 3323 950 3367 sensu
976 3322 1176 3389 ‘amor
1207 3305 1329 3380 sui,
1358 3307 1472 3387 qui
1502 3317 1610 3369 est
1642 3304 1823 3387 apud
1853 3303 2009 3368 illos
2041 3306 2108 3367 in
2140 3304 2402 3367 inferno
2424 3305 2536 3386 qui
2561 3323 2816 3367 vocan-

579 3408 690 3462 tur
721 3397 995 3474 diaboli,
1024 3408 1096 3462 et
1128 3419 1320 3463 amor
1353 3400 1607 3473 mundi,
1637 3402 1750 3482 qui
1781 3410 1886 3463 est
1919 3400 2098 3482 apud
2129 3399 2284 3463 illos
2315 3400 2382 3461 in
2415 3398 2676 3463 inferno
2707 3399 2819 3482 qui

578 3501 919 3554 Vocantur
968 3500 1276 3554 satanae.
1360 3506 1619 3567 (Quodilli
1641 3520 1829 3553 amores
1849 3520 1937 3565 per
1952 3502 1980 3521 ‘⁸
1996 3506 2202 3565 ignem''
2221 3507 2272 3553 in
2292 3506 2456 3553 Verbo
2477 3506 2820 3565 significentur,

580 3580 1327 3661 vidauusupm‚n.68,496.
1351 3594 1490 3661 504.
1514 3594 1545 3661 5
1556 3597 1677 3661 39.)
1761 3580 1966 3661 Quod
1997 3581 2084 3644 de
2114 3581 2246 3644 hoc
2272 3580 2526 3663 angelo
2551 3580 2820 3643 dicatur

580 3677 764 3758 quod
804 3676 1153 3741 “haberet
1199 3688 1625 3760 potestatem
1673 3698 1873 3761 super
1912 3678 2203 3759 ignem,'’
2239 3690 2348 3742 est
2394 3680 2550 3761 quia
2593 3679 2821 3759 agitur

580 3772 667 3835 de
702 3772 1180 3835 devastatione
1215 3771 1547 3836 ecclesiae
1584 3773 1810 3854 quoad
1854 3772 2108 3835 bonum
2147 3774 2418 3849 amoriS,
2457 3793 2536 3836 ac
2575 3772 2818 3835 devas-

584 3866 764 3929 tatio
814 3865 1040 3947 quoad
1091 3865 1257 3929 illud
1313 3867 1629 3930 tribuitur
1682 3868 1794 3929 isti
1854 3866 2126 3949 angelo,
2182 3877 2258 3930 ut
2318 3868 2518 3949 priori
2568 3866 2821 3949 angelo

585 3959 979 4023 devastatio
1006 3959 1230 4041 quoad
1256 3979 1489 4023 verum
1521 3957 1891 4034 doetrinae,
1923 3962 2027 4024 cui
2059 3961 2215 4025 ideo
2245 3961 2366 4025 fuit
2392 3961 2590 4025 “falx
2617 3972 2822 4026 acuta

584 4052 655 4117 in
701 4053 981 4117 manu:”
1028 4054 1183 4117 inde
1233 4064 1428 4135 patet
1483 4055 1642 4136 quid
1697 4054 2103 4137 intelligitur
2149 4076 2268 4137 per
2311 4055 2496 4138 quod
2555 4056 2822 4119 dicatur

586 4149 767 4230 quod
792 4148 903 4211 hic
922 4148 1208 4231 angelus
1229 4156 1267 4181 ‘⁴
1286 4157 1712 4231 potestatem
1737 4170 1937 4231 super
1957 4152 2187 4231 ignem
2213 4150 2558 4226 haberet,'’
2574 4170 2821 4233 nempe

586 4254 662 4307 ut
720 4262 1024 4306 amorem
1085 4244 1457 4307 caelestem
1518 4252 1590 4308 et
1650 4244 2070 4327 spiritualem
2129 4264 2208 4309 ac
2267 4247 2496 4309 omnia
2553 4245 2694 4327 ejus
2751 4248 2820 4310 in

588 4338 879 4402 ecclesia
917 4338 1254 4402 devastet.
1342 4339 1689 4403 Tribuitur
1734 4340 1985 4421 angelo
2030 4341 2421 4404 devastatio
2466 4342 2818 4414 ecclesiae,

586 4433 763 4496 sicut
824 4432 983 4497 alibi
1040 4434 1109 4495 in
1156 4431 1391 4497 Verbo
1440 4433 1758 4498 tribuitur
1817 4432 2159 4512 Domino;
2227 4434 2346 4497 sed
2408 4435 2538 4497 hoc
2600 4435 2820 4499 solum

582 4526 829 4591 dicitur
865 4527 950 4591 de
990 4526 1149 4609 Ipso
1186 4529 1253 4591 in
1290 4548 1492 4592 sensu
1524 4528 1819 4603 litterae,
1847 4548 1985 4592 non
2017 4540 2249 4592 autem
2281 4531 2376 4593 sic
2411 4530 2819 4613 intelligitur

580 4622 653 4687 in
689 4642 893 4687 sensu
930 4622 1302 4706 spirituali;
1358 4642 1514 4687 nam
1552 4626 1806 4688 veritas
1843 4626 1910 4689 in
1947 4645 2149 4688 sensu
2188 4624 2463 4689 litterae
2499 4635 2606 4689 est
2643 4626 2819 4691 sicut
