3259 5384
968 675 1129 734 cap.
1162 674 1317 738 κη,
1348 674 1557 728 vans.
1600 673 1858 726 11.—-u.
1891 657 2149 742 750[}1].
2509 671 2671 724 2121

539 843 823 896 “Maxime
862 845 1179 909 sanguinem
1219 859 1289 895 ex
1326 846 1611 896 aninmbus
1651 843 1846 895 vestris
1881 857 2152 908 quaeram,
2187 842 2254 892 de
2295 854 2458 890 manu
2498 839 2680 890 omnis

700 911 845 966 ferae
860 925 1110 974 quaeram
1130 909 1294 969 illum,
1311 910 1572 973 imprimis
1587 909 1656 959 de
1676 924 1837 958 manu
1852 907 2104 967 hominis,
2121 908 2188 957 de
2207 921 2372 956 manu
2385 905 2484 955 viri
2499 903 2680 954 fratris

698 975 819 1039 ejus
840 989 1094 1040 quaeram
1118 976 1355 1026 animam
1380 975 1621 1025 hominis
1637 974 1666 996 ”
1691 974 1839 1036 (Gen.
1865 975 1933 1024 ix.
1962 977 2043 1034 5):

438 1100 621 1186 quod
686 1101 795 1176 hic
863 1121 982 1192 per
1044 1101 1505 1184 “sanguinem
1522 1099 1554 1126 ’⁹
1618 1109 1689 1165 et
1762 1119 2030 1184 quoque
2095 1117 2215 1181 per
2278 1095 2629 1160 “animam
2651 1093 2682 1120 ’'

434 1191 864 1276 intelligatur
892 1196 1035 1259 vita
1064 1194 1426 1278 spiritualis
1456 1194 1768 1267 homini3‚
1798 1213 1969 1278 quae
2008 1201 2114 1256 est
2144 1191 2288 1254 vita
2310 1190 2682 1256 secundum

436 1285 763 1355 Divinum
808 1286 1087 1364 Verum,
1136 1298 1452 1356 constare
1511 1297 1745 1370 potest
1797 1308 1888 1351 ex
1945 1308 2048 1363 eo,
2090 1285 2272 1369 quod
2327 1285 2440 1367 qui
2490 1283 2680 1347 illam

437 1383 653 1456 vitam
697 1383 1101 1465 exstinguit,
1152 1392 1387 1466 pereat
1434 1391 1654 1449 morte
1703 1390 2020 1457 aeterna;
2077 1378 2262 1442 illam
2308 1379 2508 1454 enim,
2542 1396 2681 1442 non

436 1476 609 1540 alius
655 1478 1038 1559 exstinguit
1082 1497 1287 1562 quam
1339 1477 1453 1560 qui
1502 1476 1573 1542 in
1608 1475 1808 1558 Jnalo
1853 1484 1922 1539 et
1976 1473 2147 1540 salso
2194 1471 2503 1536 infernali
2553 1481 2681 1537 est.

440 1577 456 1622 ι’
460 1575 563 1620 Sed
582 1575 706 1620 haec
732 1575 985 1620 videantur
1011 1575 1062 1620 in
1088 1575 1297 1622 arcanis
1316 1571 1596 1622 Caelestv‘hts
1615 1572 1890 1632 explicata.)

458 1643 464 1653 ’
566 1645 708 1733 [1100]
779 1647 946 1728 (vii.)
1002 1646 1207 1729 Quod
1252 1668 1373 1730 per
1413 1653 1452 1680 ‘⁸
1470 1647 1773 1710 animam
1817 1647 2170 1709 viventem
2185 1644 2217 1669 ”
2263 1640 2682 1724 significetur

440 1740 584 1802 vita
616 1741 684 1802 in
717 1732 1077 1814 communi,
1114 1752 1427 1804 constare
1460 1747 1692 1822 potest
1723 1758 1812 1802 ex
1848 1737 2011 1801 locis
2045 1735 2156 1800 ubi
2188 1737 2469 1810 bestiae,
2497 1753 2680 1810 aves,

439 1833 711 1915 reptilia
775 1842 846 1897 et
913 1834 1129 1916 pisces
1193 1843 1525 1898 vocantur
1587 1838 1626 1867 ‘⁴
1649 1835 1914 1897 animae
1973 1833 2281 1896 viventes
2308 1829 2552 1898 :”—Ut
2614 1829 2691 1924 in·

442 1927 906 2012 sequentibuS‚

541 2061 739 2114 “Dixit
773 2061 937 2122 Deus,
969 2061 1264 2125 prorepere
1290 2062 1489 2112 facient
1523 2077 1694 2125 aquae
1730 2061 1932 2124 reptile,
1957 2061 2193 2110 animam
2231 2059 2520 2109 viventem.
2563 2095 2576 2108 .
2596 2095 2610 2107 .
2629 2094 2642 2107 .
2661 2094 2676 2108 .

706 2126 925 2182 Creavit
954 2125 1101 2178 Deus
1126 2137 1274 2181 cetos
1301 2141 1544 2191 magnos,
1570 2137 1625 2178 et
1652 2141 1870 2176 omnem
1895 2126 2132 2177 animam
2157 2125 2446 2183 viventem,
2471 2133 2685 2185 reptan-

708 2203 833 2252 tem,
859 2207 1015 2256 quam
1043 2207 1327 2256 prorepere
1352 2191 1590 2242 fecerunt
1613 2207 1784 2255 aquae
1799 2191 1827 2211 '⁹
1852 2191 1994 2253 (Gen.
2021 2192 2053 2240 i.
2081 2203 2158 2248 20,
2185 2191 2296 2252 21);
2620 2195 2627 2200 ”
2649 2197 2652 2200 ’

540 2260 573 2282 “
588 2257 738 2324 Dixit
763 2257 925 2317 Deus,
946 2258 1211 2308 Producat
1235 2268 1377 2307 terra
1397 2259 1631 2308 animam
1653 2257 1923 2310 viventem
1943 2257 2236 2306 secundum
2255 2254 2489 2318 speciem
2513 2265 2682 2312 suam,

708 2324 959 2380 bestiam.
981 2360 994 2374 .
1014 2333 1090 2372 ,et
1113 2322 1327 2384 feram”
1352 2321 1495 2386 (Gen.
1522 2323 1551 2372 i.
1580 2323 1695 2383 24);

464 2433 469 2438 .
541 2391 572 2412 ⁸⁴
589 2387 829 2438 Adduxit
842 2387 873 2408 ”
892 2386 1133 2453 Jehovah
1155 2391 1183 2411 ⁸·
1196 2389 1265 2436 ad
1283 2387 1559 2437 hominem
1578 2402 1796 2437 omnem
1820 2387 2045 2436 bestiam
2070 2387 2200 2448 agri,
2218 2395 2274 2434 et
2292 2399 2509 2434 omnem
2527 2397 2684 2434 avem

707 2453 992 2512 caelorum,
1021 2455 1088 2503 ad
1122 2453 1427 2510 videndum,
1464 2453 1589 2516 quid
1624 2460 1842 2502 vocaret
1877 2451 1962 2509 id:
2002 2462 2058 2500 et
2090 2451 2337 2515 quicquid
2371 2451 2597 2499 vocabat
2631 2448 2685 2498 id

704 2519 888 2577 homo,
914 2520 1149 2568 animam
1178 2519 1467 2576 viventem.
1490 2518 1543 2568 id
1566 2531 1768 2567 nomen
1794 2517 1912 2579 ejus
1929 2516 1957 2538 ”
1981 2516 2126 2577 (Gen.
2151 2517 2201 2565 ii.
2229 2517 2343 2578 19);

542 2586 573 2618 θ’
585 2583 783 2634 Omnis
798 2584 981 2634 anima
999 2585 1202 2642 vivens,
1223 2598 1357 2647 quae
1374 2593 1537 2636 natat.
1557 2597 1874 2646 quocunque
1893 2582 2141 2632 venerint
2157 2581 2322 2640 fluvii,
2341 2581 2484 2630 vivet
2501 2594 2515 2640 ;
2543 2580 2686 2630 unde

708 2648 766 2697 fit
788 2649 950 2712 piscis
975 2650 1173 2699 multus
1189 2647 1218 2669 ”
1242 2649 1443 2712 (Erech.
1470 2647 1614 2698 xlvii.
1641 2649 1724 2711 9);

542 2715 573 2737 ‘⁴
587 2713 782 2763 Omnis
807 2714 991 2763 anima
1012 2715 1203 2764 vivens
1226 2724 1439 2764 mortua
1460 2722 1543 2763 est
1570 2713 1623 2762 in
1651 2711 1829 2762 mari”
1852 2712 2024 2777 (Apoc.
2047 2713 2153 2762 xvi.
2181 2709 2258 2774 3):

444 2857 563 2917 per
601 2836 833 2904 omnia
874 2833 1295 2902 “animalia”
1333 2836 1402 2899 in
1448 2855 1651 2900 sensu
1695 2834 2029 2919 spirituali
2064 2831 2532 2916 significantur
2568 2831 2687 2898 illa

443 2950 619 3016 quae
652 2930 982 2998 naturalis
1006 2927 1299 2996 hominis
1324 2938 1396 2994 et
1422 2927 1565 3010 ejus
1595 2930 1780 2994 vitae
1805 2937 1962 2994 sunt
1989 2949 2006 3006 ;
2047 2937 2118 2991 et
2149 2927 2306 3010 quia
2329 2947 2449 3009 per
2471 2927 2686 2990 vitam

447 3023 776 3090 naturalis
832 3023 1147 3099 hominiS,
1205 3043 1377 3106 quae
1440 3033 1547 3088 est
1607 3024 1754 3087 vita
1812 3023 1880 3089 in
1934 3021 2212 3095 ultimis,
2267 3017 2687 3102 significatur

446 3118 595 3192 vita
636 3119 707 3180 in
752 3118 937 3181 omni
983 3118 1373 3200 complexu,
1422 3118 1579 3182 inde
1626 3127 1734 3180 est
1781 3116 1964 3198 quod
2009 3116 2322 3181 dicantur
2363 3115 2698 3198 “animae-

447 3211 818 3277 viventes.”
908 3211 1021 3274 Ex
1076 3211 1181 3274 his
1235 3231 1412 3275 nunc
1468 3220 1791 3276 constare
1837 3219 2072 3294 potest
2126 3209 2286 3292 quid
2337 3209 2405 3271 in
2452 3207 2688 3272 Verbo

448 3303 869 3386 significatur
906 3327 1023 3388 per
1060 3304 1475 3380 “animam,”
1507 3305 1690 3390 quod
1729 3323 1974 3386 nempe
2012 3306 2154 3366 vita
2191 3302 2506 3382 hominu„
2542 3312 2687 3380 tarn

450 3399 781 3466 naturalis
813 3419 1016 3483 quam
1054 3400 1422 3482 spiritualis
1454 3398 1619 3481 ejus,
1651 3401 1752 3464 ita
1790 3408 1934 3463 tam
1971 3399 2271 3480 corporis
2310 3414 2512 3478 quam
2548 3397 2688 3480 spi·

383 3568 388 3573 ⁸
456 3494 627 3559 ritus
659 3493 821 3574 ejuS.
914 3494 1083 3558 Inde
1108 3493 1320 3559 videri
1352 3503 1587 3576 potest
1619 3513 1823 3576 quam
1850 3513 2168 3576 perversa
2197 3492 2372 3566 idea,
2401 3491 2690 3572 primum

452 3589 541 3652 ab
574 3589 880 3663 eruditiS,
918 3597 991 3652 et
1036 3588 1195 3652 inde
1240 3608 1283 3652 a
1316 3586 1548 3670 vulgo,
1588 3589 1675 3651 de
1721 3588 1947 3652 anima
1983 3585 2276 3650 hominis
2314 3595 2519 3666 capta
2555 3584 2686 3662 sit;

453 3701 721 3764 nempe,
755 3683 937 3765 quod
974 3683 1063 3747 sit
1101 3681 1376 3764 aliquod
1414 3701 1537 3746 ens
1568 3681 1986 3747 individuum
2019 3679 2321 3746 residens
2357 3679 2425 3741 in
2463 3678 2690 3761 aliquo

458 3777 610 3842 loco
648 3778 974 3859 corporis,
1012 3778 1153 3842 sive
1190 3778 1259 3840 in
1296 3777 1597 3850 cerebro,
1639 3777 1781 3840 sive
1819 3777 1886 3838 in
1924 3775 2151 3849 corde,
2191 3775 2333 3838 sive
2371 3772 2570 3850 alibi;
2617 3783 2692 3841 et

454 3871 635 3954 quod
674 3891 793 3953 per
830 3881 1125 3936 mortem
1162 3869 1461 3937 solutum
1499 3870 1586 3934 ab
1626 3869 1926 3944 homine,
1965 3869 2219 3951 absque
2256 3887 2538 3949 corpore
2575 3867 2690 3941 sit,

454 3975 523 4030 et
578 3965 837 4047 absque
890 3965 1215 4028 sensoriis
1272 3973 1344 4028 et
1406 3964 1736 4037 motoriiS,
1793 3962 2016 4044 qualia
2068 3972 2226 4026 sunt
2280 3963 2565 4044 corpori,
2619 3972 2691 4028 et

454 4059 637 4141 quod
683 4058 854 4122 haec
898 4077 1263 4122 accessura
1306 4056 1402 4124 illi
1447 4059 1556 4123 die
1601 4057 1822 4122 ultimi
1861 4057 2090 4138 judicii
2115 4077 2131 4133 ;
2185 4065 2330 4123 tum
2376 4055 2557 4137 quod
2603 4056 2694 4120 sit

458 4154 721 4221 interea
774 4152 1121 4235 quoddam
1174 4151 1473 4218 volitans
1524 4153 1593 4216 in
1647 4151 1950 4226 aethere,
1996 4159 2116 4214 aut
2169 4168 2574 4231 permanens
2624 4151 2702 4216 in·

457 4248 755 4329 quodam
794 4247 929 4321 ubi,
968 4243 1383 4329 exspectans
1418 4247 1872 4314 accessorium
1910 4264 2126 4319 suum,
2163 4244 2344 4328 quod
2390 4253 2498 4309 est
2543 4262 2694 4310 cor-

458 4365 599 4425 puS.
692 4341 887 4406 Haec
928 4361 1105 4406 nunc
1148 4352 1257 4406 est
1301 4341 1457 4404 idea
1498 4341 1734 4404 mundi
1769 4341 1856 4406 de
1892 4341 2119 4404 anima
2153 4339 2487 4416 hominis;
2539 4336 2698 4402 cum

460 4447 691 4502 tamen
730 4457 851 4518 per
892 4434 1296 4498 “animam'’
1334 4435 1403 4498 in
1439 4434 1676 4498 Verbo
1711 4433 1882 4498 nihil
1925 4433 2068 4498 tale
2107 4431 2532 4513 intelligitur,
2573 4429 2695 4496 sed

459 4530 864 4612 intelligitur
904 4530 1049 4592 vita
1092 4529 1407 4603 hominia,
1448 4547 1619 4610 quae
1667 4546 1997 4610 nusquam
2043 4528 2245 4590 datur
2289 4534 2607 4606 separata
2653 4543 2696 4588 a

458 4643 760 4707 corpore,
809 4623 933 4687 sed
976 4624 1053 4687 -in
1098 4641 1421 4705 corpore;
1452 4640 1642 4700 ‚nam
1695 4639 1938 4703 corpus
1990 4630 2095 4685 est
2143 4619 2356 4683 forma
2403 4627 2694 4683 externa
