3259 5384
627 691 795 756 2162
1248 705 1750 760 APOCALYPSIS
1795 707 2246 763 EXPLICATA.

623 873 777 939 tes”
829 884 901 939 et
966 875 1401 957 “potentes'’
1509 877 1681 941 Inde
1741 897 1916 942 nunc
1977 887 2173 961 patet
2231 899 2436 945 causa
2493 899 2622 964 cur,
2665 901 2858 964 super

622 969 937 1033 draconis
973 971 1218 1052 capite,
1260 979 1331 1034 et
1376 989 1576 1052 super
1620 971 1813 1054 hujus
1857 972 2118 1038 bestiae
2164 975 2410 1056 capite,
2451 985 2524 1040 et
2559 975 2860 1040 similiter

620 1062 811 1140 infra,
861 1085 1062 1147 super
1104 1067 1329 1147 capite
1374 1065 1635 1129 bestiae
1681 1067 2042 1130 coccineae
2091 1066 2326 1150 (Apoc.
2373 1088 2520 1151 cap.
2559 1071 2719 1134 xvii.
2765 1069 2854 1153 3),

620 1159 765 1222 visa
800 1159 938 1222 sint
979 1163 1293 1222 “cornua
1330 1159 1626 1222 decem.’'

739 1267 921 1337 777.
982 1253 1101 1322 «ft
1149 1273 1340 1336 supet·
1386 1255 1673 1319 cornibus
1721 1255 1853 1319 rui-r
1901 1255 2113 1320 decom
2161 1256 2858 1340 diadomm.''—-Quod

622 1349 956 1432 significet
1008 1349 1199 1414 illam
1249 1373 1335 1414 ex
1384 1352 1804 1434 apparentiis
1857 1353 2009 1416 veri
2059 1353 2129 1416 in
2181 1355 2387 1436 copia,
2448 1366 2720 1420 constat
2769 1376 2860 1420 ex
2963 1425 2970 1431 ,

622 1439 1125 1522 significatione
1186 1443 1641 1518 “cornuum,”
1698 1443 1883 1526 quod
1939 1444 2079 1508 sint
2134 1447 2458 1527 potentia
2515 1463 2600 1520 (ue
2625 1475 2725 1520 qua
2749 1477 2864 1510 mox

618 1551 830 1613 saprum
882 1555 975 1599 ex
1020 1536 1529 1618 significatione
1578 1537 1942 1614 “decem,”
1986 1538 2172 1622 quod
2215 1539 2355 1603 sint
2401 1540 2719 1616 multum,
2763 1543 2860 1606 ita

621 1648 892 1711 quoque
924 1632 1123 1712 copia
1161 1647 1245 1706 (de
1264 1659 1365 1705 qua
1382 1659 1545 1706 supra,
1566 1659 1614 1694 ιι.
1636 1631 1788 1712 675)
1818 1653 1834 1710 ;
1871 1641 1944 1696 et
1981 1653 2074 1695 ex
2111 1632 2621 1714 significatione
2655 1635 2859 1698 “dia-

621 1723 1031 1801 dematum,”
1055 1727 1236 1809 quod
1268 1727 1403 1791 sint
1434 1747 1595 1792 vera
1626 1729 1694 1791 in
1726 1729 1969 1793 ultimo
2000 1728 2272 1805 ordiniS‚
2307 1749 2480 1812 quae
2512 1740 2672 1794 sunt
2703 1751 2862 1794 vera

619 1839 861 1884 sensus
908 1822 1182 1887 litterae
1230 1822 1445 1886 Verbi
1488 1839 1574 1899 (de
1600 1853 1700 1898 qua
1731 1841 1874 1886 etiam
1902 1853 2063 1899 supra.
2092 1853 2140 1887 ιι.
2170 1839 2360 1906 717):
2421 1825 2606 1908 quod
2649 1827 2862 1889 etiam

618 1916 754 1981 sint
801 1921 1237 2001 apparentiae
1283 1920 1441 1994 veri,
1487 1929 1595 1983 est
1641 1921 1796 2003 quia
1841 1940 2001 1984 vera
2045 1941 2284 1984 sensus
2330 1921 2601 1985 litterae
2647 1921 2862 1986 Verbi

621 2011 938 2095 pleraque
1000 2023 1157 2078 sunt
1217 2015 1656 2096 apparentiae
1723 2016 1881 2091 veri,
1947 2025 2018 2080 et
2083 2035 2205 2096 per
2267 2015 2419 2079 illas
2480 2015 2692 2080 Verbi
2757 2025 2863 2080 est

620 2107 932 2186 potentia
982 2108 1114 2171 illis
1168 2110 1278 2190 qui
1338 2128 1457 2190 per
1516 2109 1865 2172 “bestiam
1887 2109 1918 2134 ”
1969 2110 2145 2172 hanc
2199 2109 2695 2192 intelliguntur,
2751 2109 2864 2192 qui

618 2210 778 2264 sunt
839 2204 952 2284 qui
1010 2222 1131 2284 per
1188 2203 1539 2268 ratiocinia
1593 2201 1998 2266 confirmant
2052 2204 2554 2283 separationem
2609 2203 2767 2267 fidei
2825 2223 2866 2266 a

618 2295 797 2373 vita;
866 2305 1023 2359 sunt
1086 2297 1265 2360 enim
1324 2317 1486 2360 vera
1544 2316 1782 2360 sensus
1843 2296 2112 2360 litterae
2173 2296 2408 2373 Verbi,
2471 2317 2649 2379 quae
2709 2305 2864 2360 sunt

616 2391 1055 2471 apparentiae
1094 2393 1252 2465 veri,
1293 2411 1467 2474 quae
1512 2410 1633 2472 per
1669 2391 2021 2453 ratiocinia
2057 2388 2497 2465 connectunt,
2539 2402 2614 2455 ut
2653 2411 2862 2473 appa·

616 2493 810 2548 reant
843 2485 1017 2548 sicut
1054 2486 1347 2566 genuina
1383 2503 1561 2558 vera,
1599 2505 1772 2567 quae
1810 2504 1929 2566 per
1969 2484 2466 2548 “diademata’'
2503 2485 2614 2548 hic
2655 2485 2864 2566 signi-

616 2575 945 2641 ficantur:
1000 2578 1122 2643 sed
1167 2579 1439 2662 quando
1483 2578 1599 2642 illa
1645 2598 1962 2644 connexa
2007 2589 2166 2642 sunt
2211 2599 2331 2660 per
2375 2580 2734 2642 ratiocinia
2771 2599 2862 2642 ex

615 2669 796 2734 salsis
848 2683 918 2736 et
971 2672 1271 2749 fallaciiS,
1322 2693 1457 2737 non
1509 2672 1800 2755 amplius
1854 2683 2013 2736 sunt
2067 2693 2226 2736 vera
2271 2674 2696 2755 apparentia,
2743 2673 2866 2736 sed

615 2781 779 2826 vera
806 2763 1187 2839 falsificata,
1222 2765 1322 2828 ita
1353 2764 1544 2840 salsa,
1578 2763 1954 2827 secundum
1987 2763 2108 2826 illa
2143 2784 2318 2846 quae
2353 2784 2560 2846 supra
2596 2781 2671 2839 (ιι.
2690 2779 2864 2846 719),

616 2877 707 2921 ex
769 2858 929 2922 solis
987 2868 1359 2939 apparente
1418 2859 1914 2940 progressione,
1972 2856 2312 2921 illustrata
2367 2866 2550 2921 sunt.
2659 2856 2865 2939 Quod

616 2971 816 3034 super
853 2953 1185 3034 capitibus
1222 2950 1536 3016 draconis
1572 2951 2005 3032 apparuerint
2049 2955 2371 3033 “septem
2408 2949 2868 3026 diademata,”

615 3057 687 3111 at
726 3067 927 3129 super
958 3045 1271 3109 cornibus
1300 3045 1561 3108 bestiae
1598 3050 1640 3076 “
1662 3045 1902 3108 decem
1935 3043 2383 3117 diademata,”
2414 3053 2523 3108 est
2555 3045 2720 3126 quia
2751 3063 2870 3127 per

620 3147 884 3223 “caput
938 3140 1253 3203 draconis
1270 3137 1301 3164 '⁹
1352 3137 1774 3220 significatur
1831 3138 2116 3201 scientia
2174 3135 2562 3201 sanctorum
2627 3137 2867 3213 Verbi,

616 3256 788 3319 quae
818 3233 1173 3299 falsificata
1204 3243 1277 3298 et
1307 3232 1694 3298 adulterata
1725 3243 1904 3309 sunt,
1939 3233 2038 3296 ita
2067 3253 2228 3297 vera
2259 3234 2663 3314 apparentia
2695 3253 2869 3316 quae

614 3339 774 3394 sunt
820 3352 979 3394 vera
1025 3349 1261 3393 sensus
1307 3329 1576 3392 litterae
1621 3326 1876 3405 Verbi3
1931 3337 2004 3390 at
2050 3347 2170 3408 per
2211 3326 2568 3390 “cornua’'
2605 3327 2867 3412 signifi?

614 3435 807 3490 catur
843 3445 1075 3489 eorum
1122 3423 1337 3487 multa
1376 3422 1709 3507 potentia,
1747 3421 2022 3505 quando
2067 3421 2310 3485 eadem
2355 3441 2476 3503 per
2509 3423 2872 3490 ratiocinia

614 3541 705 3582 ex
746 3520 1035 3583 naturali
1073 3519 1347 3583 homine
1378 3536 1697 3581 connexa
1732 3524 1804 3579 et
1844 3513 2248 3578 confirmata
2283 3524 2488 3592 sunt;
2535 3525 2608 3578 at
2649 3518 2870 3582 multa

613 3615 731 3679 illa
776 3615 1089 3697 potentia
1134 3633 1271 3676 non
1318 3621 1425 3676 est
1469 3632 1562 3676 ex
1606 3611 1996 3686 ratiociniis,
2037 3609 2158 3672 sed
2205 3629 2327 3691 per
2369 3611 2733 3675 ratiocinia
2777 3635 2868 3678 ex

616 3708 790 3770 veris
826 3727 1063 3770 sensus
1102 3706 1370 3770 litterae
1411 3704 1644 3769 Verbi.

731 3803 893 3886 778
902 3802 1046 3886 [α].
1110 3799 1231 3865 “ft
1271 3821 1464 3883 rupu-
1511 3799 1810 3882 capitibus
1859 3799 1992 3863 rui-r
2040 3819 2258 3863 nomon
2305 3799 2874 3882 blasphemiae?—

616 3897 820 3982 Quod
866 3899 1201 3982 significet
1221 3899 1748 3983 salsq'ficatt‘ones
1802 3897 2019 3971 Verbi,
2061 3907 2337 3961 constat
2383 3918 2473 3960 ex
2519 3899 2872 3979 significa·

538 4031 545 4046 ›
614 3997 803 4058 tione
839 3994 1253 4077 “capitum,”
1285 3994 1466 4077 quod
1504 3995 1640 4057 sint
1678 3994 1964 4057 scientia
1995 3990 2384 4072 sanctorum
2417 3991 2654 4070 Verbi,
2693 4015 2871 4078 quae

610 4085 1058 4149 falsificantur
1102 4096 1173 4148 et
1218 4085 1700 4149 adulterantur
1741 4101 1826 4160 (de
1847 4113 1945 4160 qua
1965 4113 2125 4160 supra.
2148 4113 2195 4146 ιι.
2219 4098 2410 4165 775);
2463 4103 2554 4148 ex
2597 4086 2870 4168 signifi-

612 4181 891 4244 catione
919 4187 959 4213 “
983 4179 1338 4254 nominiS,”
1364 4179 1547 4262 quod
1573 4181 1664 4242 sit
1689 4179 1894 4262 quale
1925 4179 2023 4241 rei
2054 4188 2126 4242 et
2158 4189 2384 4241 status
2417 4187 2804 4254 (dequnsfipm.
2823 4209 2871 4245 n.

618 4289 755 4345 102,
782 4291 805 4337 1
822 4289 918 4356 35.
936 4273 1193 4356 696[a]),
1220 4273 1327 4337 hic
1360 4272 1560 4356 quale
1593 4274 2112 4337 ratiociniorum
2137 4292 2229 4335 ex
2255 4271 2554 4335 naturali
2577 4271 2870 4338 homine

609 4371 1157 4437 confirmantium
1210 4371 1711 4452 separationem
1765 4369 1920 4434 fidei
1973 4392 2014 4434 a
2067 4370 2229 4444 vita,
2281 4389 2453 4451 quae
2505 4389 2630 4452 per
2685 4371 2866 4435 hanc

614 4467 1015 4532 “bestiam”
1067 4463 1572 4547 significantur3
1640 4474 1713 4529 et
1773 4485 1863 4527 ex
1925 4462 2421 4546 significatione
2479 4463 2866 4547 “blasphe-

610 4559 848 4636 miae,”
884 4558 1068 4642 quod
1115 4558 1204 4621 sit
1247 4556 1636 4621 falsificatio
1673 4555 1888 4620 Verbi
1928 4572 2012 4630 (de
2032 4585 2131 4630 qua
2149 4571 2426 4632 sequitur);
2481 4575 2573 4618 ex
2611 4557 2868 4639 quibus

611 4663 802 4736 patet
856 4652 1038 4740 quod
1088 4656 1344 4732 “super
1387 4650 1722 4732 capitibus
1773 4669 2022 4714 nornen
2076 4648 2601 4731 blasphemiae,”
2647 4650 2868 4732 sig-ni-
