3259 5384
986 620 1144 672 CAP.
1179 621 1332 682 κη,
1367 619 1575 672 VERs.
1607 620 1831 686 4.-Ν,
1864 603 2103 689 721[c].
2494 607 2650 686 1987

421 787 588 852 haec
635 788 720 852 de
767 788 896 852 illis
941 790 1120 871 apud
1158 811 1325 872 quos
1362 799 1468 853 est
1505 788 1833 864 Verbum,
1872 797 1944 852 et
1990 787 2147 851 inde
2192 796 2349 850 sunt
2385 807 2545 849 vera
2582 796 2653 848 et

417 902 650 945 eorum
696 881 1124 962 intellectus3
1179 885 1245 958 hi
1291 893 1448 946 sunt
1494 884 1607 965 qui
1653 883 1967 945 dicuntur
2014 881 2376 946 “habitare
2424 882 2489 942 in
2538 880 2651 942 Li-

415 975 616 1051 ban0,
653 987 724 1041 et
762 977 992 1040 nidum
1031 977 1280 1041 habere
1317 979 1384 1040 in
1417 977 1635 1039 cedris
1660 975 1712 1054 ;''
1757 977 2045 1039 exitium
2082 974 2348 1038 illorum
2380 975 2653 1056 quando

414 1069 731 1134 ultimum
781 1071 1125 1151 judicium,
1185 1081 1254 1134 et
1314 1080 1476 1134 tunc
1536 1079 1823 1134 conatus
1882 1070 2244 1152 recipiendi
2302 1090 2481 1141 vera,
2532 1069 2650 1130 sed

411 1163 662 1227 frustra
707 1186 795 1227 ex
843 1165 1276 1229 obstantibus
1321 1164 1503 1228 falsis
1549 1164 1731 1239 mali,
1768 1163 2185 1245 significatur
2220 1183 2339 1244 per
2380 1168 2651 1245 “quan-

412 1267 558 1321 tum
594 1262 856 1339 gratiae
889 1261 1213 1334 invenieS,
1242 1277 1396 1322 cum
1428 1259 1738 1322 venerint
1771 1259 1894 1321 tibi
1926 1258 2217 1333 doloreS,
2254 1257 2447 1320 dolor
2479 1257 2651 1318 sicut

409 1355 843 1433 parturientis
867 1353 920 1431 ;''
965 1353 1148 1436 quod
1196 1363 1357 1417 tunc
1409 1353 1577 1415 salsa
1615 1351 1773 1414 mali
1819 1373 1992 1434 quae
2036 1372 2125 1414 ex
2174 1352 2432 1414 inferno
2468 1350 2651 1412 ause-

411 1457 569 1510 rent
600 1447 775 1522 illos,
804 1447 1218 1528 significatur
1251 1467 1368 1528 per
1397 1454 1436 1480 ‘⁶
1456 1446 1655 1510 Dabo
1682 1458 1752 1510 te
1778 1448 1843 1509 in
1876 1466 2152 1510 manum
2182 1446 2649 1528 quaerentium

415 1542 716 1604 animam
749 1541 993 1604 tuam.'’
1073 1540 1282 1622 Apud
1321 1542 1635 1616 eundem,

512 1683 812 1733 “Remissa
845 1681 988 1733 facita
1021 1692 1104 1733 est
1141 1683 1454 1744 Damascus,
1491 1684 1757 1733 convertit
1792 1697 1852 1733 se
1890 1683 1959 1732 ad
2000 1682 2330 1745 fugiendum,
2366 1690 2420 1731 et
2458 1682 2651 1731 horror

673 1749 1027 1812 apprehendit
1061 1764 1196 1809 eam,
1226 1751 1478 1812 angustia
1509 1761 1563 1798 et
1596 1750 1813 1798 dolores
1849 1750 2073 1812 arripuit
2106 1763 2225 1798 eam
2254 1749 2391 1798 sicut
2426 1749 2651 1811 parturi-

671 1813 894 1862 entem'’
918 1815 1066 1876 (xlix.
1093 1815 1206 1876 24);
2599 1815 2605 1829 ’

407 1936 588 2017 apud
626 1938 939 2012 eundem,

507 2049 772 2098 “Audivit
805 2065 898 2098 rex
935 2049 1152 2100 Babelis
1185 2049 1386 2100 famam
1401 2049 1432 2070 '’
1457 2050 1642 2114 populi
1672 2049 1941 2100 venientis
1976 2064 2007 2099 e
2040 2049 2438 2112 septentrione:
2474 2050 2648 2099 “inde

671 2116 926 2164 remissae
949 2113 1124 2165 saetae
1149 2125 1275 2164 sunt
1301 2131 1492 2165 manus
1515 2116 1652 2179 ejm,
1678 2117 1931 2179 angustia
1952 2116 2305 2178 apprehendit
2327 2129 2467 2174 eum,
2493 2115 2650 2164 dolor

670 2179 804 2228 sicut
829 2181 1171 2242 parturientis
1189 2180 1218 2200 ”
1241 2181 1294 2243 (l.
1321 2184 1439 2242 43);

327 2349 338 2362 .
409 2304 593 2386 apud
623 2303 874 2380 Mosen,

505 2418 537 2440 ‘⁴
551 2417 890 2466 Audiverunt
916 2418 1140 2481 populi„
1160 2418 1340 2468 .dolor
1357 2418 1769 2482 parturientium
1794 2419 2146 2483 apprehendit
2168 2418 2497 2468 habitatores
2526 2417 2647 2471 Phi-

671 2482 972 2532 listhaeae”
996 2485 1181 2545 (Exod.
1206 2499 1292 2534 κν.
1321 2485 1430 2546 14):

402 2633 524 2694 per
565 2614 894 2678 “dolores
931 2616 1370 2696 parturientis
1387 2615 1418 2640 ’⁹
1449 2617 1516 2679 in
1558 2617 1663 2680 his
1702 2616 1867 2680 locis
1904 2616 2144 2680 similia
2181 2615 2646 2698 significantur

402 2729 575 2790 quae
616 2729 835 2790 supra.
924 2710 1136 2792 Apud
1175 2709 1571 2787 Hosclteam,

499 2843 530 2865 ‘⁸
545 2841 780 2892 Dolores
806 2843 1151 2905 parturientis
1169 2843 1391 2893 venient
1407 2841 1438 2864 ’'
1459 2843 1750 2906 Ephraimo
1771 2858 1783 2902 ;
1820 2844 1952 2893 “ille
1976 2843 2115 2893 filius
2142 2857 2253 2893 non
2273 2843 2504 2907 sapiens,
2524 2845 2645 2908 quia

672 2918 885 2971 tempus
912 2923 1020 2956 non
1051 2917 1160 2958 stat
1183 2909 1239 2958 in
1264 2918 1421 2957 utero
1447 2909 1679 2958 filiorum
1695 2908 1724 2929 ”
1748 2909 1875 2970 (xiii.
1906 2909 2013 2971 13):

397 3037 574 3101 haec
612 3037 971 3118 explicata
1006 3037 1376 3101 videantur
1412 3057 1618 3120 supra
1656 3053 1727 3112 (n.
1761 3053 2006 3118 71o[b]).
2092 3039 2304 3121 Apud
2339 3038 2593 3111 Mosen,

510 3167 664 3219 Dixit
685 3168 928 3233 Jehovah
957 3167 1104 3218 Deus
1126 3168 1195 3218 ad
1219 3168 1515 3227 mulierem,
1534 3169 1565 3192 ⁸⁸
1581 3167 1991 3232 Multiplicando
2016 3169 2381 3232 multiplicabo
2399 3169 2645 3220 dolorem

665 3244 833 3290 tuum,
867 3244 923 3282 et
957 3243 1276 3297 conceptum
1311 3243 1498 3294 tuum;
1551 3234 1605 3283 in
1641 3235 1828 3283 dolore
1870 3235 2045 3298 paries
2081 3235 2236 3293 filios,
2270 3244 2324 3283 et
2363 3237 2432 3284 ad
2472 3236 2645 3284 virum

663 3307 814 3348 tuum
841 3299 1152 3348 obedientia
1175 3309 1280 3356 tua.
1304 3306 1361 3349 et
1383 3299 1471 3349 hic
1494 3300 1857 3350 dominabitur
1882 3301 1977 3348 tibi
1992 3299 2021 3318 '⁸
2044 3301 2188 3360 (Gen.
2213 3300 2286 3349 iii.
2316 3301 2425 3362 16):

397 3452 520 3514 per
554 3431 723 3495 haec
758 3451 894 3493 non
927 3430 1333 3512 intelligitur
1365 3430 1547 3515 quod
1589 3430 1902 3494 mulieres
1940 3432 2273 3513 pariturae
2306 3432 2442 3495 sint
2473 3431 2645 3494 filios

400 3527 464 3589 in
515 3525 775 3600 dolore,
825 3525 944 3587 sed
1000 3545 1118 3606 per
1167 3524 1624 3587 “mulierem'’
1670 3525 2072 3606 intelligitur
2118 3526 2424 3601 ecclesia,
2474 3547 2644 3608 quae

399 3641 440 3683 a
483 3619 770 3684 caelesti
819 3618 1146 3681 naturalis
1190 3616 1368 3682 facta
1412 3629 1558 3696 est;
1611 3623 1825 3680 “esus
1864 3639 1951 3680 ex
2000 3618 2237 3680 arbore
2276 3617 2650 3680 scientiae'²

399 3713 532 3777 hoc
574 3713 948 3795 significat:
997 3712 1178 3795 quod
1227 3712 1434 3776 homo
1479 3712 1810 3775 ecclesiae
1857 3732 2059 3794 aegre
2106 3713 2321 3793 possit
2358 3731 2643 3792 regene-

399 3809 527 3871 rari
575 3827 697 3888 per
735 3828 891 3869 vera
937 3815 1007 3870 et
1053 3827 1172 3887 per
1216 3808 1427 3870 vitam
1475 3807 1849 3869 secundum
1897 3805 2031 3880 illa,
2072 3817 2142 3869 et
2187 3807 2369 3889 quod
2414 3816 2643 3868 tenta·

399 3903 624 3965 tiones
663 3899 1002 3964 subiturus
1043 3901 1131 3963 sit
1177 3909 1251 3963 ut
1286 3921 1447 3962 vera
1496 3899 1994 3980 implantentur
2030 3910 2101 3962 et
2147 3900 2645 3981 conjungantur

398 3994 604 4070 bone,
647 3993 1066 4076 significatur
1103 4014 1222 4075 per
1259 3993 1440 4075 quod
1477 3993 2100 4074 “multiplicabitur
2136 3993 2333 4056 dolor
2369 4003 2440 4057 et
2478 4013 2642 4056 con·

398 4089 702 4170 ceptuS,”
726 4098 794 4151 et
828 4108 946 4169 per
977 4087 1158 4170 quod
1187 4088 1314 4150 “in
1346 4086 1583 4150 dolore
1622 4089 1837 4169 pariet
1873 4086 2043 4149 filios
2070 4087 2119 4165 ;”
2170 4093 2599 4168 “conceptus
2613 4087 2642 4112 ”

399 4181 738 4264 significat
775 4184 1232 4264 receptionem
1259 4182 1398 4245 veri
1430 4181 1612 4265 quod
1649 4202 1738 4244 ex
1773 4181 1977 4257 bone,
2006 4191 2075 4244 et
2105 4186 2393 4262 “parere
2426 4180 2599 4244 filios
2614 4181 2644 4207 ”

399 4275 736 4357 significat
793 4277 1164 4358 producere
1211 4296 1373 4338 vera
1417 4296 1505 4339 ex
1554 4274 1870 4358 conjugio
1915 4277 2053 4338 veri
2098 4284 2169 4339 et
2215 4274 2412 4338 boni:
2475 4295 2642 4356 quo-

401 4371 578 4432 niam
627 4369 918 4433 naturali
964 4369 1220 4433 homini
1269 4378 1430 4432 sunt
1478 4371 2070 4450 concupiscentiae
2123 4390 2213 4432 ex
2268 4388 2495 4432 amore
2544 4371 2643 4431 sui

399 4475 466 4527 et
511 4464 770 4540 mundi,
819 4474 892 4528 et
937 4463 1093 4527 illae
1141 4483 1276 4527 non
1324 4465 1656 4526 removeri
1702 4473 1986 4545 possunt
2032 4482 2233 4546 quam
2295 4483 2413 4545 per
2458 4483 2639 4538 vera,

401 4558 550 4623 ideo
606 4560 851 4623 dicitur
904 4558 1087 4640 quod
1147 4558 1289 4621 “ad
1344 4558 1558 4620 virum
1612 4558 1740 4622 erit
1800 4557 2187 4622 obedientia
2239 4557 2403 4638 ejus,
2459 4566 2532 4620 et
2588 4557 2642 4619 is
