3259 5384
980 639 1137 691 CAP.
1174 640 1326 702 κη,
1360 640 1571 691 vERs.
1602 640 1824 708 9.-Ν,
1859 625 2100 710 741[c].
2483 628 2647 707 2083

538 804 665 889 [0.]
729 806 953 889 Apud·
977 806 1335 881 Davidem,

511 937 754 987 “Coram
779 937 1022 1002 Jehovah
1046 939 1173 1001 quia
1196 940 1359 997 venit,
1384 938 1505 1002 quia
1529 938 1679 987 venit
1702 938 1769 987 ad
1792 938 2137 1001 judicandum
2163 946 2376 996 terram,
2395 936 2650 999 judicabit

670 1006 857 1052 orbem
886 1004 941 1051 in
968 1004 1191 1067 justitia,
1215 1014 1271 1053 et
1298 1004 1526 1067 populos
1556 1004 1609 1053 in
1641 1005 1866 1053 veritate
1883 1003 1910 1022 '⁹
1935 1003 2045 1066 (Ps.
2070 1004 2205 1052 xcvi.
2235 1016 2324 1063 13:
2365 1002 2449 1051 Ps.
2477 1005 2648 1051 xcviii.

671 1070 752 1129 9)=

414 1192 579 1256 haec
625 1192 713 1255 de
751 1192 1052 1255 adventu
1092 1192 1387 1267 Domini,
1426 1212 1506 1257 ac
1551 1193 1640 1256 de
1687 1192 1929 1257 ultimo
1957 1192 2208 1275 judicio
2244 1202 2447 1257 tunc:
2496 1194 2652 1276 quia

417 1306 529 1368 per
560 1286 903 1349 “orbem''
934 1285 1401 1367 significantur
1430 1286 1527 1351 illi
1564 1287 1651 1350 ab
1683 1286 1972 1350 ecclesia
2003 1288 2115 1369 qui
2151 1288 2218 1349 in
2251 1286 2437 1350 bono
2469 1299 2646 1360 sunt,

416 1393 481 1443 et
516 1401 638 1463 per
680 1380 1023 1461 “populos
1042 1379 1071 1405 '²
1108 1380 1204 1443 illi
1242 1382 1353 1464 qui
1390 1382 1457 1443 in
1496 1383 1692 1455 veriS,
1731 1382 1886 1444 ideo
1922 1382 2164 1444 dicitur
2202 1380 2385 1464 quod
2423 1380 2649 1461 “judi-

416 1475 589 1539 cabit
628 1475 864 1539 orbem
901 1476 969 1537 in
1005 1474 1287 1557 justitia,
1328 1484 1398 1539 et
1437 1475 1726 1558 populos
1771 1478 1838 1538 in
1877 1477 2164 1539 veritate
2191 1474 2243 1553 ;”
2293 1474 2650 1556 “justitia'’

414 1570 653 1634 dicitur
682 1570 769 1633 de
807 1570 1010 1645 bon0,
1052 1568 1357 1633 similiter
1394 1581 1466 1634 ut
1509 1570 1806 1633 “orbis'’
1893 1569 2101 1651 Apud
2141 1570 2455 1644 eundem,

504 1706 535 1727 '⁴
548 1704 854 1767 Antequam
886 1711 1099 1752 montes
1128 1704 1241 1751 nati
1269 1711 1411 1762 sunt,
1435 1713 1490 1751 et
1518 1702 1753 1752 formata
1779 1711 1862 1752 est
1890 1711 2034 1751 terra
2059 1713 2114 1752 et
2141 1703 2302 1761 orbis,
2331 1703 2401 1751 ab
2428 1711 2650 1752 aeterno

668 1779 724 1817 et
746 1782 916 1832 usque
936 1770 1005 1817 ad
1029 1778 1307 1817 aeternum
1334 1768 1417 1817 Tu
1444 1768 1589 1817 Deus
1606 1767 1635 1787 ”
1660 1768 1770 1829 (Ps.
1794 1782 1874 1817 xc.
1901 1769 1979 1830 2):

412 1920 527 1982 per
561 1906 602 1933 ‘⁴
624 1910 897 1963 montes
916 1899 947 1925 ’'
970 1898 1435 1981 significantur
1464 1899 1559 1963 illi
1590 1900 1704 1982 qui
1735 1919 1937 1980 super
1966 1898 2312 1963 montibus
2343 1900 2411 1961 in
2444 1898 2650 1963 caelis

412 1995 745 2070 habitant,
782 1996 893 2077 qui
926 2004 1082 2057 sunt
1116 1995 1226 2077 qui
1264 1995 1328 2055 in
1362 1994 1545 2057 bono
1577 1994 1858 2057 caelesti
1891 2004 2088 2071 sunt;
2136 2014 2255 2075 per
2293 1998 2602 2056 “terram
2620 1992 2650 2018 ’'

410 2100 636 2155 autem
670 2102 747 2153 et
782 2089 1074 2153 “orbem
1091 2088 1121 2113 ’'
1150 2088 1569 2170 significatur
1599 2089 1888 2152 ecclesia
1925 2110 2016 2151 ex
2047 2088 2179 2151 illis
2218 2089 2330 2171 qui
2367 2089 2435 2151 in
2473 2088 2649 2151 veris

410 2194 479 2247 et
515 2184 583 2247 in
622 2184 819 2247 bonis
854 2194 1033 2247 sunt.
1120 2182 1330 2264 Apud
1369 2182 1684 2258 eundem,

506 2316 797 2381 “Jehovah
822 2326 1025 2381 regnat,
1047 2316 1386 2378 majestatem
1408 2316 1612 2375 induit:
1649 2316 1822 2366 induit
1845 2314 2088 2381 Jehovah
2113 2316 2290 2375 robur,
2310 2315 2540 2377 accingit
2564 2314 2648 2374 Se,

668 2383 831 2431 etiam
852 2383 1153 2432 stabilietur
1169 2383 1331 2440 orbis,
1353 2396 1451 2431 nec
1476 2382 1868 2441 dimovebitur;
1905 2382 2145 2431 firmatus
2169 2389 2252 2431 est
2277 2381 2501 2430 thronus
2527 2391 2649 2430 tuus

670 2462 739 2497 ex
766 2458 908 2505 tunc,
932 2449 1000 2496 ab
1023 2458 1244 2496 aeterno
1269 2448 1354 2496 Tu
1370 2446 1399 2466 ”
1422 2446 1531 2508 (Ps.
1558 2448 1696 2497 xciii.
1726 2460 1769 2505 1,
1795 2447 1876 2509 2):

406 2580 575 2643 haec
614 2580 699 2643 de
738 2580 1035 2643 Domino
1080 2581 1147 2642 in
1186 2580 1511 2643 mundum
1549 2590 1877 2657 ventur03
1927 2589 1999 2642 et
2045 2579 2202 2662 quia
2247 2578 2384 2660 Ipsi
2429 2578 2648 2660 gloria

406 2686 479 2738 et
531 2685 844 2756 potestas
890 2695 979 2737 ex
1036 2674 1357 2737 Humano
1409 2674 1591 2756 quod
1648 2674 1859 2736 univit
1915 2674 2163 2735 Divino
2210 2694 2353 2747 su0‚
2403 2674 2647 2735 dicitur

406 2770 589 2851 quod
648 2768 1135 2850 “majestatem
1190 2778 1262 2831 et
1315 2768 1517 2831 robur
1568 2768 1865 2841 induat,”
1917 2778 1988 2831 et
2036 2768 2218 2849 quod
2269 2768 2648 2849 “accingat

406 2862 575 2941 Se;”
628 2883 791 2925 nam
839 2863 1173 2925 Dominus
1221 2862 1615 2925 Humanum
1662 2863 2032 2944 assumpsit
2078 2872 2154 2925 ut
2207 2863 2274 2924 in
2330 2862 2646 2943 potentia

403 2969 591 3021 esset
623 2957 1031 3039 subjugandi
1061 2956 1357 3020 inferna:
1406 2956 1718 3029 ecclesia,
1753 2975 1956 3037 quam
1988 2957 2482 3018 instauraturus
2515 2967 2644 3029 est,

404 3072 486 3115 ac
540 3061 891 3116 tutaturus
942 3052 1009 3113 in
1063 3061 1439 3125 aeternum,
1496 3049 1917 3132 significatur
1969 3071 2089 3133 per
2144 3049 2436 3112 “orbem
2458 3048 2489 3075 ”
2533 3051 2646 3132 qui

404 3146 795 3210 stabilietur
832 3164 955 3209 nec
995 3144 1473 3219 dimovebitur,
1513 3155 1584 3208 et
1632 3165 1752 3226 per
1791 3145 2173 3207 “thronum
2189 3143 2220 3168 ”
2258 3145 2369 3226 qui
2416 3142 2643 3206 firma-

402 3242 627 3319 bitur;
685 3262 803 3323 per
852 3240 1192 3304 “orbem’'
1228 3242 1408 3304 enim
1456 3238 1878 3321 significatur
1922 3238 2186 3302 caelum
2233 3249 2306 3302 et
2353 3238 2648 3301 ecclesia

402 3336 631 3418 quoad
666 3335 1129 3417 receptionem
1166 3334 1391 3397 Divini
1426 3333 1620 3407 Boni,
1655 3352 1733 3395 ac
1768 3354 1888 3416 per
1917 3332 2297 3395 “thronum
2315 3332 2346 3356 '’
2377 3330 2644 3395 caelum

402 3440 473 3493 et
498 3429 797 3493 ecclesia
820 3429 1045 3511 quoad
1070 3430 1533 3509 receptionem
1561 3428 1790 3490 Divini
1812 3426 1997 3490 Veri.
2087 3426 2298 3508 Apud
2329 3426 2644 3501 eundem,

500 3575 531 3597 ‘⁸
551 3572 731 3623 Dicite
754 3572 891 3621 inter
916 3581 1124 3634 gentes,
1148 3570 1393 3637 Jehovah
1421 3581 1627 3635 regnat,
1657 3570 1820 3620 etiam
1849 3570 1996 3619 orbis
2025 3570 2324 3619 stabilietur
2351 3582 2450 3618 nec
2477 3570 2650 3617 dimo-

668 3639 909 3695 vebitur:
942 3638 1199 3700 judicabit
1224 3638 1455 3700 populos
1484 3638 1540 3686 in
1569 3634 2010 3693 rediitudinibuu
2047 3636 2388 3685 laetabuntur
2416 3635 2564 3693 caeli,
2595 3644 2650 3683 et

668 3704 923 3767 gaudebit
945 3702 1130 3753 terra”
1154 3702 1262 3765 (Ps.
1287 3704 1421 3751 xcvi.
1450 3716 1527 3762 10,
1556 3703 1666 3765 11):

401 3840 615 3903 etiam
664 3836 977 3901 haec-de
1029 3837 1331 3900 Domino
1372 3846 1696 3909 venturo„
1735 3844 1807 3898 et
1859 3835 1945 3898 de
1999 3832 2292 3898 ecclesia
2343 3831 2432 3895 ab
2488 3832 2649 3914 Ipso

399 3932 852 3999 instauranda
888 3953 966 3996 ac
1004 3933 1299 3995 tutanda
1335 3932 1402 3993 in
1440 3940 1818 4004 aeternum,
1858 3950 2032 4012 quae
2071 3927 2492 4010 significatur
2529 3948 2650 4009 per

404 4026 759 4090 “orbem'’
794 4026 907 4107 qui
943 4023 1334 4087 stabilietur
1368 4043 1495 4087 nec
1532 4021 1999 4085 dimovebitur
2035 4036 2334 4098 (utsupra);
2380 4032 2454 4085 et
2489 4020 2648 4103 quia

400 4140 519 4202 per
549 4124 591 4152 “
610 4118 848 4181 orbem
866 4116 895 4142 ’²
922 4115 1342 4198 significatur
1372 4114 1664 4179 ecclesia
1688 4114 1912 4196 quoad
1951 4113 2226 4187 bonum,
2255 4113 2410 4177 ideo
2435 4116 2647 4177 etiam

398 4214 653 4277 dicitur
689 4211 775 4276 de
812 4209 1135 4293 “populis
1150 4210 1181 4235 '’
1213 4230 1383 4293 quos
1412 4208 1834 4291 judicaturus
1866 4218 1972 4271 est
2005 4208 2072 4270 in
2103 4204 2645 4281 rectitudinibuS‚

398 4330 519 4391 per
568 4305 969 4390 “populos’'
1015 4306 1197 4369 enim
1250 4303 1723 4386 significantur
1780 4303 1893 4386 qui
1953 4303 2020 4365 in
2080 4302 2256 4365 veris
2311 4301 2645 4366 ecclesiae

398 4412 581 4479 sunt,
637 4400 951 4463 similiter
1002 4419 1081 4463 ac
1135 4419 1256 4481 per
1303 4406 1613 4461 “terram
1639 4397 1692 4476 ;”
1737 4416 1944 4480 quare
1986 4396 2303 4459 dicuntur
2351 4396 2647 4479 “populi

398 4495 687 4571 terrae,”
707 4504 781 4559 et
805 4492 1289 4558 “habitatores
1307 4493 1489 4557 orbis
1513 4491 1566 4571 ;’'
1603 4501 1676 4557 et
1701 4488 2197 4555 “rectitudines
2213 4488 2244 4515 ”
2260 4498 2419 4552 sunt
2444 4509 2642 4552 vera:

398 4593 728 4675 gaudium
760 4582 995 4654 eorurri
1027 4590 1138 4673 qui
1170 4590 1238 4652 in
1270 4588 1562 4652 ecclesia
1592 4588 1661 4651 in
1693 4586 1901 4652 caelis
1934 4595 2114 4663 sunt,
2149 4594 2220 4650 et
2254 4585 2320 4648 in
2353 4584 2647 4649 ecclesia
