3259 5384
696 614 857 695 1958
1289 608 1815 682 ‘avocamus
1858 623 2309 676 Eumeni-A.

681 785 852 863 haec
902 798 988 862 de
1027 795 1306 872 Babele,
1348 818 1466 880 per
1501 817 1705 880 quam
1744 795 2166 878 significatur
2202 793 2617 859 adulteratio
2652 805 2727 859 ct
2773 814 2926 878 pro-

681 889 942 956 fanatio
980 893 1142 956 boni
1187 891 1258 956 et‘
1303 893 1485 970 veri;
1535 913 1653 975 per
1695 891 2012 973 “palatia
2028 890 2059 915 ”
2096 890 2238 971 ejus
2274 891 2341 953 in
2379 889 2619 972 quibus
2657 885 2819 970 ijim,
2858 900 2929 954 et

683 1007 802 1070 per
850 986 1216 1070 “templa''
1261 986 1327 1048 in
1389 986 1627 1069 quibus
1682 986 2039 1059 dracones,
2088 983 2557 1065 significantur
2617 985 2801 1048 bona
2859 995 2930 1048 et

681 1101 842 1147 vera
875 1081 1086 1144 Verbi
1126 1089 1197 1144 et
1234 1078 1570 1144 ecclesiae
1609 1100 1785 1162 quae
1820 1079 2215 1143 adulterata
2250 1087 2324 1142 et
2362 1077 2765 1161 profanata3
2812 1099 2931 1161 per

685 1173 926 1256 ‘'‘ijim'’
977 1175 1366 1239 adulterata
1419 1184 1491 1239 et
1546 1174 1907 1257 profanata
1957 1192 2141 1249 vera,
2196 1183 2267 1236 et
2321 1193 2442 1256 per
2490 1173 2930 1237 “dracones’'

681 1268 1073 1333 adulterata
1109 1279 1183 1333 et
1221 1269 1578 1352 profanata
1615 1269 1817 1332 bona.
1909 1267 2117 1351 Apud
2153 1267 2473 1345 Micham,

687 1437 694 1442 -
773 1405 804 1430 ‘⁴
820 1404 991 1468 Super
1013 1405 1114 1453 hoc
1138 1404 1392 1468 plangam
1410 1413 1464 1453 et
1487 1403 1721 1468 ejulabo,
1742 1403 1831 1452 ibo
1860 1403 2121 1466 spoliatus
2145 1412 2201 1454 ct
2224 1403 2415 1464 nudus,
2434 1403 2641 1454 faciam·
2656 1401 2928 1467 planetum

943 1471 1079 1518 sicut
1103 1471 1380 1528 dracones»,
1405 1479 1459 1518 et
1483 1466 1686 1522 luctum
1710 1470 1846 1518 sicut
1872 1469 2011 1520 filiae
2042 1465 2318 1527 noemae?
2340 1469 2395 1530 (i.
2422 1465 2526 1531 [²¹8)
2547 1485 2559 1519 ε

680 1597 852 1661 haec
885 1598 972 1661 de
997 1599 1388 1662 vastatione
1415 1595 1785 1670 Samariae,
1814 1619 1933 1684 per
1958 1618 2163 1680 quam
2189 1595 2611 1679 significatur
2632 1598 2929 1664 ecclesia

680 1693 1048 1777 spiritualis
1095 1693 1320 1775 quoad
1373 1689 1779 1766 doctrinam,
1828 1693 1935 1758 hic
1992 1692 2112 1756 illa
2163 1702 2481 1756 vastata:
2536 1693 2929 1757 devastatio

679 1788 907 1871 quoad
943 1807 1176 1850 verum
1225 1797 1298 1851 et
1343 1787 1600 1850 bonum
1648 1786 2073 1870 significatur
2117 1807 2238 1869 per
2278 1787 2431 1851 “ire
2476 1787 2811 1869 spoliatus
2856 1797 2929 1852 et

680 1882 899 1946 nudus
922 1882 977 1959 ;”
1022 1881 1432 1946 lamentatio
1463 1901 1666 1963 super
1704 1882 1792 1956 id,
1828 1880 2251 1964 significatur
2282 1902 2402 1964 per
2437 1882 2825 1964 “plangere
2858 1893 2927 1946 et

678 1977 930 2058 ejulare
953 1976 1005 2055 ;”
1044 1975 1454 2039 lamentatio
1485 1997 1689 2058 super
1720 1976 2159 2039 devastatum
2192 1977 2470 2051 bonum,
2498 1997 2618 2058 per
2646 1976 2927 2040 “facere

680 2069 1030 2154 planetum
1063 2073 1238 2136 sicut
1269 2071 1668 2146 dracone3,”
1697 2081 1771 2134 et
1806 2091 2009 2152 super
2036 2071 2481 2136 devastatum
2514 2091 2773 2147 verum,
2812 2092 2931 2155 per

683 2165 962 2230 “facere
1001 2162 1254 2229 luctum
1295 2167 1470 2229 sicut
1509 2165 1689 2230 filiae
1725 2162 2019 2229 noc'tuae
2042 2164 2097 2228 :⁹⁹
2134 2165 2453 2230 dicuntur
2488 2166 2882 2230 “dracones
2900 2166 2930 2190 ”

679 2270 753 2325 et
789 2259 1024 2324 “filiae
1064 2257 1354 2324 noctuae
1385 2258 2045 2343 ’'repraesentative,
2080 2261 2263 2342 quod
2300 2259 2538 2322 similis
2574 2260 2709 2322 illis
2741 2271 2927 2325 esset

679 2354 904 2437 quoad
933 2352 1278 2436 planctum
1307 2364 1377 2418 et
1405 2351 1661 2418 luctum
1690 2375 1705 2432 ;
1738 2355 1915 2417 sicut
1940 2354 2151 2416 etiam
2171 2355 2353 2436 quod
2379 2355 2565 2418 “iret
2591 2353 2929 2436 spoliatus

677 2458 751 2514 et
785 2450 1002 2512 nudus
1027 2449 1079 2527 ;”
1120 2449 1510 2532 “spoliatus
1527 2449 1556 2472 ”
1589 2447 1929 2530 significat
1963 2448 2147 2531 quod
2186 2449 2443 2531 absque
2480 2449 2678 2512 bonis
2714 2461 2924 2525 esset,

675 2544 896 2606 simile
927 2544 1109 2626 quod
1139 2544 1406 2609 “draco
1428 2542 1480 2621 ;”
1511 2552 1584 2608 et
1615 2548 1655 2574 ‘⁴
1680 2543 1899 2607 nudus
1914 2541 1945 2568 ”
1970 2543 2155 2626 quod
2188 2543 2445 2626 absque
2478 2545 2675 2618 veriS‚
2705 2545 2925 2608 simile

677 2639 862 2721 quod
899 2638 1095 2701 “filia
1133 2635 1485 2702 noctuae?
1573 2637 1784 2721 Apud
1822 2637 2218 2714 Jeremiam,

775 2785 806 2808 ‘⁸
821 2769 1282 2833 Nebuchad’nezar
1307 2797 1404 2833 rex
1433 2775 1651 2834 Babelis
1678 2783 1959 2832 constituit
1994 2797 2080 2832 mc
2114 2797 2213 2832 vas
2248 2797 2491 2842 vacuum,
2521 2782 2809 2846 deglutivit·
2842 2799 2929 2834 mc

939 2850 1076 2899 sicut
1104 2861 1270 2908 cetus,
1294 2849 1538 2912 implevit
1567 2858 1811 2898 ventrem
1842 2862 1907 2898 cx
1943 2849 2147 2898 deliciis
2176 2849 2326 2906 meis,
2356 2849 2577 2912 dispulit
2604 2863 2691 2897 mc
2712 2865 2749 2898 ε.
2770 2887 2784 2898 .
2804 2886 2816 2899 .
2838 2851 2930 2899 .sit

941 2913 1107 2964 Babel
1133 2929 1370 2974 acervus,
1391 2914 1756 2963 habitaculum
1777 2915 2088 2972 draconum,
2112 2915 2169 2962 in
2194 2914 2408 2962 sibilum
2433 2924 2487 2963 ct
2510 2923 2805 2976 stuporem,
2830 2923 2929 2964 nec

938 2981 1210 3029 habitator
1225 2979 1254 3000 '⁸
1278 2979 1352 3042 (li.
1377 2991 1457 3040 34,
1478 2981 1562 3040 37)
1582 2995 1595 3030 :

675 3109 886 3177 ctiam
944 3108 1054 3172 hic
1115 3129 1233 3192 per
1296 3105 1737 3172 “Babelem”
1794 3116 1867 3171 et
1934 3129 2055 3190 per
2116 3106 2928 3172 “Nebuchadnezarem”

679 3202 1100 3284 significatur
1122 3201 1535 3267 adulteratio
1560 3212 1631 3266 et
1667 3203 2050 3285 profanatio
2075 3202 2236 3265 boni
2268 3212 2341 3266 et
2373 3204 2550 3266 veri:
2592 3195 2929 3286 dispersio

673 3299 897 3361 omnis
934 3299 1074 3383 veri
1121 3307 1192 3361 et
1236 3295 1612 3361 destructio
1658 3299 1879 3361 omnis
1900 3297 2079 3361 -boni
2124 3297 2303 3371 inde,
2345 3296 2767 3379 significatur
2806 3321 2926 3382 per

673 3394 856 3475 quod
885 3397 924 3424 ‘¹
943 3393 1304 3456 constituit
1335 3411 1444 3456 me
1477 3413 1598 3454 vas
1623 3411 1934 3468 vacuum,
1964 3391 2331 3473 deglutivit
2361 3411 2470 3456 me
2495 3395 2672 3456 sicut
2698 3405 2921 3470 cetuS,

675 3485 987 3568 implevit
1025 3496 1333 3549 ventrem
1375 3507 1464 3550 ex
1503 3485 1764 3548 deliciis
1804 3487 1994 3559 meiS,
2034 3484 2317 3567 dispulit
2356 3504 2465 3548 me
2490 3486 2544 3563 ;”
2589 3507 2710 3570 per
2749 3492 2927 3552 “ce-

675 3589 821 3643 tum
840 3581 868 3606 ”
894 3581 1113 3644 simile
1139 3580 1557 3663 significatur
1578 3581 1761 3662 quod
1788 3600 1909 3662 per
1932 3575 1973 3612 ‘³
1989 3580 2423 3655 draconem,”
2446 3583 2655 3645 etiam
2676 3583 2923 3646 eadem

674 3694 817 3737 vox
857 3677 1123 3757 utrique
1162 3685 1269 3739 est
1307 3676 1376 3738 in
1415 3673 1651 3756 lingua
1688 3673 2039 3754 originali:
2090 3675 2483 3738 devastatio
2521 3677 2743 3738 omnis
2781 3679 2923 3741 veri

674 3779 748 3835 et
780 3771 942 3833 boni
965 3791 1056 3834 ex
1081 3769 1585 3834 adulteratione
1607 3780 1681 3832 et
1714 3768 2189 3852 profanatione
2215 3789 2473 3845 eorum,
2496 3769 2925 3852 significatur

675 3884 796 3946 per
839 3865 1023 3947 quod
1065 3863 1339 3928 “Babel
1385 3865 1512 3928 erit
1559 3884 1867 3938 acervuS,
1908 3863 2378 3928 habitaculum
2418 3865 2816 3940 draconum,
2856 3867 2925 3930 in

677 3957 948 4022 sibilum
1009 3967 1081 4023 et
1141 3969 1516 4040 stuporem,
1575 3978 1714 4022 non
1774 3957 2134 4022 habitator
2160 3958 2211 4036 ;”
2270 3965 2467 4021 “non
2527 3959 2879 4024 habitator
2895 3959 2925 3985 ’³

675 4052 1018 4134 significat
1057 4073 1195 4118 non
1232 4055 1490 4116 bonum
1527 4053 1710 4135 apud
1748 4053 2069 4136 aliquem.
2161 4051 2372 4135 Apud
2410 4052 2722 4128 Hiobum,

773 4199 804 4220 ‘⁸
817 4195 954 4247 Ater
974 4197 1244 4247 ambulavi
1275 4197 1393 4246 sinc
1421 4195 1552 4254 sole,
1578 4195 1703 4246 steti
1733 4195 1789 4245 in
1818 4196 2255 4259 congregatione,
2280 4196 2524 4255 clamavi,
2549 4196 2718 4246 frater
2742 4193 2926 4249 fastus

935 4277 1055 4312 sum
1079 4263 1420 4322 draconibus,
1443 4271 1498 4312 et
1513 4263 1695 4314 socius
1718 4261 1931 4312 filiabus
1952 4263 2131 4312 ululae
2145 4260 2174 4282 ’⁹
2196 4263 2341 4326 (xxx.
2366 4263 2447 4322 28,
2472 4262 2586 4326 29):

671 4391 806 4456 hoc
855 4392 940 4456 de
986 4401 1176 4457 statu
1222 4363 1378 4475 ejus·
1409 4393 1476 4456 in
1516 4391 2037 4467 tentationibus,
2079 4391 2145 4454 in
2192 4390 2431 4474 quibus
2472 4390 2685 4455 homo
2721 4402 2923 4474 putat

671 4507 747 4550 se
778 4487 1178 4551 damnatum
1212 4508 1401 4566 esse;
1449 4507 1655 4571 quare
1691 4491 1898 4550 “ater
1928 4486 2279 4549 ambulare
2310 4487 2456 4549 sine
2488 4485 2633 4550 sole
2648 4485 2679 4512 ”
2707 4489 2920 4570 signi-

603 4625 610 4632 ·
671 4579 834 4648 ficat
867 4583 1042 4646 sicut
1072 4582 1384 4647 diabolus
1415 4583 1674 4666 absque
1704 4581 1891 4646 bono
1920 4581 2211 4662 amori33
2253 4587 2495 4646 “stare
2526 4581 2595 4644 in
2626 4600 2921 4664 congre·
