3259 5384
635 637 712 686 21
726 634 809 706 54
1258 631 1760 686 APOCALYPsss
1801 599 2254 682 Exmcm.

736 827 805 894 9.
878 803 959 878 Si
996 803 1160 900 quis
1194 802 1420 877 habet
1453 827 1730 886 aurem,
1766 801 2036 876 audiat.

745 949 855 1000 10.
927 926 1009 1000 Si
1036 927 1200 1023 quis
1226 925 1721 1022 captivitatem
1749 924 2060 1008 duxerit,
2089 924 2162 998 in
2191 922 2695 1020 captivitatem
2719 921 2871 997 abi·

632 1047 776 1131 bit;
830 1046 891 1119 si
927 1046 1092 1142 quis
1129 1045 1517 1119 machaera
1550 1045 1916 1128 occiderit,
1953 1059 2246 1141 oportet
2279 1069 2452 1118 eum
2487 1041 2876 1117 machaera

634 1165 901 1239 occidi:
940 1165 1058 1239 hic
1093 1181 1209 1239 est
1243 1165 1596 1261 patientia
1628 1181 1707 1238 et
1739 1164 1926 1239 fides
1959 1161 2404 1238 san&orum.

748 1313 774 1361 1
798 1312 858 1362 1.
929 1288 1029 1363 Et
1071 1289 1219 1362 vidi
1260 1287 1472 1364 aliam
1517 1289 1834 1364 bestiam
1877 1287 2407 1364 ascendentem
2455 1313 2499 1361 e
2542 1303 2758 1370 terra,
2798 1300 2875 1360 et

637 1401 965 1476 habebat
1005 1426 1283 1476 cornua
1324 1399 1477 1476 duo
1518 1401 1782 1475 similia
1827 1426 2048 1501 agno,
2089 1417 2166 1475 et
2206 1400 2654 1498 loquebatur
2689 1400 2875 1475 sicut

637 1515 883 1590 draco.

745 1661 771 1709 1
790 1661 854 1710 2.
924 1635 1021 1710 Et
1046 1653 1492 1733 potestatem
1518 1635 1778 1734 prioris
1802 1637 2083 1710 bestiae
2111 1661 2410 1710 omnem
2437 1635 2606 1710 facit
2624 1659 2872 1712 coram

632 1749 752 1824 illo
778 1777 795 1824 ε
832 1766 911 1824 et
936 1750 1099 1824 facit
1124 1766 1204 1823 ut
1229 1755 1425 1824 terra
1450 1769 1527 1824 et
1547 1750 1958 1825 habitantes
1985 1751 2059 1824 in
2083 1749 2204 1824 illa
2223 1749 2534 1824 adorent
2559 1750 2870 1826 bestiam

632 1865 976 1963 priorem,
1011 1867 1214 1964 cujus
1248 1882 1505 1940 sanata
1537 1881 1651 1939 est
1683 1864 1905 1965 plaga
1937 1865 2194 1940 mortis
2229 1867 2297 1965 ej
2303 1891 2408 1939 us·

742 2011 852 2082 13.
923 1988 1022 2062 Et
1055 1988 1220 2062 facit
1254 1991 1465 2088 signa
1498 2013 1790 2087 magna,
1820 2005 1902 2062 ut
1935 2005 2013 2063 et
2048 1989 2299 2088 ignem
2327 1989 2546 2064 saciat
2567 1990 2868 2065 descen-

634 2103 814 2177 dere
851 2129 895 2177 e
931 2103 1137 2177 caelo
1173 2104 1246 2175 in
1284 2119 1555 2178 terram
1596 2127 1840 2177 coram
1876 2103 2338 2187 hominibus;

742 2250 852 2319 14.
924 2225 1021 2301 Et
1053 2227 1357 2300 seducat
1383 2225 1798 2301 habitantes
1831 2252 2055 2324 super
2087 2241 2303 2311 terra,
2330 2245 2630 2325 propter
2660 2227 2872 2326 signa

635 2365 828 2438 quae
862 2341 1031 2415 data
1065 2342 1135 2415 ei
1188 2339 1427 2414 facere
1479 2365 1728 2414 coram
1777 2341 2039 2425 bestia,
2075 2341 2328 2414 dicens
2379 2341 2869 2416 habitantibus

631 2479 855 2552 super
874 2471 1065 2528 terra
1090 2453 1327 2528 facere
1358 2453 1760 2554 imaginem
1785 2455 2090 2539 bestiae,
2113 2479 2306 2552 quae
2333 2455 2556 2530 habet
2582 2456 2868 2556 plagam

635 2567 1071 2642 machaerae
1108 2583 1185 2642 et
1220 2568 1419 2642 vixit.

741 2689 851 2765 15.
920 2691 1019 2764 Et
1051 2690 1302 2765 datum
1336 2691 1407 2765 ei
1440 2692 1616 2766 dare
1651 2693 1981 2790 spiritum
2017 2693 2314 2791 imagini
2347 2693 2650 2778 bestiae,
2681 2709 2766 2768 ut
2795 2710 2871 2770 et

629 2803 969 2901 loquatur
994 2805 1242 2904 imago
1272 2805 1576 2891 bestiae,
1605 2822 1682 2880 et
1706 2805 1919 2880 faciat
1953 2823 2036 2880 ut
2068 2808 2484 2904 quicunque
2511 2833 2662 2881 non
2687 2809 2863 2884 ado-

635 2935 800 2992 rant
833 2919 1230 3018 imaginem
1267 2921 1570 3004 bestiae,
1599 2922 2036 2996 occidantur.

742 3048 850 3116 16.
922 3041 1020 3116 Et
1064 3033 1231 3117 facit
1275 3069 1536 3118 omnes
1570 3069 1837 3142 parvos
1876 3061 1954 3119 et
2000 3071 2334 3144 magnos»,
2370 3061 2449 3120 et
2479 3047 2748 3122 divites
2793 3062 2869 3122 et

630 3155 1021 3254 pauperes,
1059 3172 1134 3230 et
1164 3155 1438 3231 liberos
1480 3172 1558 3232 et
1598 3183 1882 3242 servos,
1921 3173 2002 3232 ut
2039 3158 2170 3234 det
2201 3157 2335 3234 illis
2367 3157 2865 3235 characterem

630 3294 854 3367 super
887 3294 1109 3343 manu
1144 3295 1401 3344 eorum
1436 3272 1697 3346 dextra
1729 3289 1808 3348 et
1839 3297 2063 3370 super
2093 3273 2446 3348 frontibus
2487 3299 2772 3349 eorum.

742 3412 851 3485 17.
923 3391 1021 3468 Et
1062 3411 1143 3468 ut
1194 3420 1417 3469 nemo
1468 3397 1702 3494 possit
1751 3423 2002 3472 emere
2053 3415 2181 3472 aut
2222 3399 2564 3484 vendere,
2605 3402 2671 3474 si
2723 3427 2866 3475 non

629 3507 913 3583 habens
946 3506 1440 3584 characterem
1488 3526 1615 3584 aut
1659 3535 1936 3586 nomen
1986 3513 2288 3598 bestiae,
2323 3531 2452 3588 aut
2486 3537 2866 3589 numerum

631 3623 947 3698 nominis
982 3625 1159 3723 ejus.
1514 3631 1519 3638 '

742 3749 855 3821 18.
926 3746 1075 3821 Hic
1112 3747 1471 3845 sapientia
1520 3762 1673 3833 est3
1727 3749 2010 3824 habens
2060 3749 2612 3850 intelligentiam
2665 3775 2862 3826 com·

631 3876 843 3958 putet
884 3885 1269 3935 numerum
1306 3862 1609 3945 bestiae,
1649 3887 1996 3938 numerus
2035 3865 2234 3938 enim
2269 3864 2585 3940 hominis
2626 3881 2761 3950 est.
2793 3879 2870 3940 et

636 3999 983 4050 numerus
1014 3976 1173 4074 ejus
1206 3991 1565 4051 sexcenta
1598 3978 1991 4076 sexaginta
2023 4003 2181 4054 sex·
