3259 5384
940 665 1099 720 CAP.
1134 666 1309 729 xlv„
1343 666 1551 718 VERS.
1593 667 1808 758 1.-†N.
1843 652 2094 737 852[b].
2463 668 2629 737 2375

498 833 739 886 Exiverit
762 850 796 884 a
826 835 999 894 Patre,
1023 845 1078 885 et
1101 836 1309 885 venerit
1338 836 1392 885 in
1422 835 1696 894 mundum,
1721 844 1776 886 et
1803 835 1946 900 quod
1975 836 2164 886 iterum
2189 835 2453 900 relinquat
2480 849 2636 884 mun-

656 902 803 959 dum,
830 911 884 950 et
907 901 1067 950 vadat
1088 901 1158 950 ad
1185 900 1397 950 Patrem
1426 900 1576 966 (Joh.
1604 901 1710 951 xvi.
1738 911 1781 961 5,
1811 913 1888 960 10,
1918 902 1992 962 16,
2021 911 2098 960 17,
2124 901 2220 961 28).

406 1009 745 1096 Quoniam
785 1013 990 1078 Pater
1022 1025 1095 1078 et
1136 1014 1291 1096 Ipse
1328 1033 1534 1079 unum
1570 1024 1792 1090 erant,
1831 1015 1986 1078 ideo
2027 1016 2238 1078 etiam
2275 1015 2462 1090 dicit,

496 1127 745 1178 “Omnia
768 1141 1115 1192 quaecunque
1148 1127 1306 1178 Pater
1331 1129 1507 1186 habet,
1532 1142 1656 1178 mea
1682 1127 1872 1186 sunun
1905 1138 1961 1178 et
1989 1128 2132 1192 quod
2159 1127 2282 1178 ideo
2311 1127 2635 1188 Paracletus,

659 1194 749 1257 qui
777 1204 861 1243 est
889 1193 1117 1256 Spiritus
1142 1191 1385 1253 Sanctus,
1409 1207 1445 1244 a
1474 1193 1712 1242 Domino
1735 1202 2048 1258 accepturus
2076 1193 2146 1244 sit
2173 1207 2309 1258 quae
2331 1193 2637 1258 loqueretur

656 1257 809 1323 (Joh.
833 1257 941 1308 xvi.
969 1257 1178 1320 13-15);

400 1380 543 1436 tum
575 1370 759 1446 alibi,

501 1483 677 1543 Pater,
704 1481 1075 1535 dedisti'Mihi
1109 1494 1430 1548 potestatem
1466 1485 1644 1534 omnis
1677 1485 1871 1546 carnis,
1899 1494 1958 1535 ut
1991 1484 2156 1545 omni,
2191 1499 2350 1549 quem
2387 1479 2636 1536 mdedisti

660 1549 815 1609 Mihi,
843 1551 967 1599 dem
992 1551 1157 1599 vitam
1184 1559 1477 1600 aeternam.
1547 1552 1575 1574 ⁸⁸
1595 1549 1746 1600 Haec
1769 1561 1854 1600 est
1879 1552 1990 1600 vita
2011 1561 2246 1609 aeterna,
2271 1559 2329 1600 ut
2354 1545 2638 1613 1²lcognos-

656 1624 785 1664 cant
804 1615 883 1664 Te
900 1616 1075 1664 solum
1088 1651 1101 1664 .
1122 1652 1135 1665 .
1148 1614 1338 1674 Deum,
1352 1625 1405 1664 et
1424 1629 1583 1699 quem
1600 1615 1794 1666 misisti
1813 1614 1997 1680 jesum
2015 1615 2286 1665 Christum
2306 1631 2344 1666 z.
2364 1653 2378 1667 .
2396 1653 2409 1666 .
2431 1617 2638 1666 ‚omnia

658 1695 783 1729 mea
816 1691 907 1730 tua
934 1689 1077 1739 sunt,
1102 1691 1155 1730 et
1178 1689 1270 1729 tua
1292 1678 1439 1730 mea·
1479 1679 1629 1745 (Joh.
1654 1681 1779 1730 xvii.
1807 1693 1850 1740 2,
1877 1693 1922 1741 3,
1951 1683 2060 1741 10):
2559 1693 2566 1702 ·

402 1809 509 1875 hic
555 1832 825 1895 quoque
869 1821 1106 1894 aperte
1152 1812 1397 1875 dicitur
1441 1813 1622 1894 quod
1670 1813 1898 1876 omnia
1944 1812 2162 1876 Patris
2210 1812 2427 1894 Ipsius
2471 1813 2632 1889 sint,

404 1907 574 1970 sicut
622 1907 857 1969 omnia
900 1907 1167 1970 animae
1212 1917 1373 1970 sunt
1418 1907 1752 1986 hominis;
1808 1907 2017 1971 homo
2062 1909 2242 1971 enim
2289 1917 2361 1972 et
2406 1908 2634 1972 anima

407 2020 610 2064 unum
664 2010 845 2076 sunt,
892 2002 1068 2064 sicut
1121 2002 1263 2064 vita
1308 2020 1388 2064 ac
1442 2001 1627 2064 vitae
1679 1999 2076 2082 subjectum.
2168 1999 2372 2083 Quod
2425 2002 2632 2064 etiam

408 2093 739 2156 Dominus
762 2096 985 2176 quoad
1014 2093 1408 2157 Humanum
1435 2095 1619 2158 Deus
1646 2097 1757 2170 sit,
1780 2105 2058 2159 constat
2083 2116 2172 2158 ex
2199 2095 2330 2158 illis
2358 2094 2634 2159 Domini

404 2188 645 2263 verbis,
690 2193 821 2252 “ut
867 2200 1295 2271 cognoscant
1333 2187 1435 2254 Te
1480 2187 1703 2253 solum
1742 2189 1984 2262 Deum,
2026 2200 2096 2253 et
2145 2209 2346 2272 quem
2391 2189 2636 2253 misisti

405 2279 633 2362 Jesum
688 2281 1093 2346 Christum.”
1183 2281 1523 2363 Quoniam
1579 2282 1785 2347 Pater
1836 2293 1908 2347 et
1970 2283 2180 2346 Filius
2241 2283 2371 2346 Dei
2426 2301 2634 2345 unum

406 2384 583 2452 sunt,
622 2376 779 2439 ideo
814 2377 980 2440 dicit
1020 2377 1375 2453 DominuS,

500 2507 659 2573 Quod
686 2518 944 2558 venturus
978 2509 1049 2559 sit
1074 2510 1171 2558 “in
1206 2510 1378 2572 gloria
1413 2507 1588 2560 Patris
1615 2509 1700 2560 sui
1716 2509 1746 2530 '⁸
1773 2523 1894 2560 cum
1929 2511 1998 2559 ad
2032 2510 2286 2573 judicium
2315 2509 2502 2572 (Marc.
2526 2509 2635 2558 viii.

664 2574 759 2634 383
794 2575 919 2624 Luc.
944 2575 1013 2624 ix.
1040 2575 1137 2635 26),
1162 2584 1217 2624 et
1240 2577 1337 2624 “in
1362 2575 1536 2638 gloria
1558 2574 1696 2624 sua''
1720 2575 1934 2637 (Matth.
1960 2590 2081 2624 xxv.
2107 2576 2222 2636 31);
2271 2585 2326 2624 et
2352 2575 2495 2638 quod
2525 2573 2638 2639 Ipsi

662 2640 733 2688 sit
755 2639 989 2690 “Omnis
1014 2650 1253 2702 potestas
1275 2641 1330 2688 in
1356 2640 1517 2690 caelis
1540 2649 1595 2689 et
1618 2641 1673 2689 in
1699 2641 1854 2691 terris
1869 2640 1897 2660 ”
1915 2640 2130 2702 (Μαῖα.
2153 2641 2332 2690 xxviii.
2361 2641 2458 2701 18).

407 2767 611 2852 Quod
656 2791 775 2852 per
824 2771 1128 2835 “Filium
1176 2770 1351 2836 Dei''
1396 2772 1826 2855 intelligatur
1870 2771 2192 2836 Divinum
2242 2771 2634 2836 Humanum

406 2863 701 2939 Domini,
729 2867 938 2929 etiam
971 2868 1038 2929 in
1072 2866 1217 2929 aliis
1251 2866 1419 2929 locis
1452 2867 1517 2930 in
1551 2865 1786 2930 Verbo
1818 2867 2328 2931 manifestatum
2354 2877 2460 2932 est
2492 2889 2506 2945 ;
2563 2878 2636 2931 et

404 2979 671 3042 quoque
708 2960 775 3023 in
814 2959 983 3024 locis
1018 2961 1087 3023 in
1120 2959 1359 3024 Veteri
1392 2959 1850 3025 Testamento
1871 2957 2080 3026 :—Ut
2117 2961 2295 3044 apud
2326 2961 2634 3038 Esaiam,

496 3093 526 3116 ‘¹
541 3091 681 3142 Puer
704 3103 862 3144 natus
881 3103 963 3144 est
982 3094 1155 3154 nobiS,
1178 3093 1340 3144 Filius
1359 3093 1514 3144 datus
1539 3104 1622 3145 est
1646 3094 1818 3154 nobis»,
1839 3109 1999 3157 super
2022 3094 2176 3158 cujus
2199 3097 2425 3145 humero
2444 3096 2639 3160 princi-

665 3169 838 3274 fftus,
874 3170 928 3209 et
968 3160 1245 3209 vocabitur
1262 3174 1484 3238 ‘no-men
1522 3159 1706 3236 ‘Ipsius
1745 3159 2024 3245 Miraf’zilis,
2062 3159 2432 3218 consiliarius,
2471 3161 2636 3220 DeuS,

725 3239 863 3284 ereo,
892 3223 1053 3274 Pater
1074 3233 1419 3282 aeternitatis,
1448 3225 1702 3288 Princeps
1729 3239 1873 3288 pacis
1938 3224 2030 3287 (ix.
2053 3237 2078 3286 5
2107 3221 2198 3291 [B.
2223 3228 2290 3276 A.
2315 3223 2424 3292 6]):

404 3351 475 3407 et
512 3341 692 3426 apud
728 3343 1043 3420 eundem,

502 3454 533 3476 ‘⁰
548 3452 715 3516 Virgo
733 3451 996 3578 cosscgpict
1013 3460 1075 3581 et)
1085 3452 1257 3516 pariet
1276 3451 1483 3512 Filium,
1503 3461 1557 3502 et
1576 3453 1850 3502 vocabitur
1869 3467 2068 3502 nomen
2092 3449 2267 3516 Ipsius
2291 3451 2437 3502 Deus
2456 3453 2640 3504 nobis·

664 3531 787 3567 cum
879 3531 966 3568 vu.
994 3530 1056 3578 14
1090 3533 1103 3568 ε

404 3649 587 3734 quod
640 3649 755 3723 hic
803 3670 923 3732 per
969 3650 1314 3714 “Puerum
1362 3649 1660 3724 natum,’'
1705 3659 1776 3715 et
1829 3670 1950 3733 per
1998 3649 2304 3714 “Filium
2348 3649 2589 3716 datum
2607 3651 2640 3677 '’

405 3744 837 3826 intelligatur
891 3744 1223 3808 Dominus
1276 3744 1500 3827 quoad
1556 3744 1878 3809 Divinum
1935 3742 2350 3820 Humanum,
2397 3754 2636 3828 patet3

406 3849 478 3902 et
530 3839 715 3923 quod
762 3838 1096 3903 Dominus
1140 3839 1364 3922 quoad
1418 3837 1583 3901 illud
1639 3839 1850 3902 etiam
1902 3839 1992 3902 sit
2048 3838 2254 3912 Deus,
2301 3840 2402 3903 ita
2451 3841 2638 3923 quod

409 3931 806 4008 Humanum
853 3933 1074 4014 Ipsius
1120 3935 1209 3996 sit
1257 3932 1600 4007 Divinum,
1646 3932 2005 3996 manifeste
2049 3933 2335 4012 dicitur;
2389 3935 2639 4000 dicitur

406 4028 589 4092 enim
626 4027 811 4110 quod
851 4027 1264 4091 “vocabitur
1300 4046 1549 4089 nomen
1590 4025 1808 4109 Ipsius
1847 4026 2092 4100 Deus,’'
2128 4028 2373 4092 “Deus
2410 4030 2640 4094 nobis-

406 4119 623 4198 cum,”
648 4121 909 4185 “Pater
932 4119 1422 4186 aeternitatis.”
1495 4119 1772 4185 Praeter
1793 4121 1964 4185 haec
2005 4122 2177 4198 loca,
2206 4124 2415 4188 etiam
2447 4123 2644 4206 plura

408 4215 541 4278 alia
585 4215 833 4280 adduci
878 4225 1185 4298 possent,
1222 4215 1309 4278 ad
1348 4213 1886 4280 confirmandum
1922 4217 2104 4299 quod
2152 4216 2486 4282 Dominus
2524 4238 2644 4301 per

412 4315 451 4342 ‘⁴
476 4307 797 4374 Patremf’
832 4309 901 4372 in
940 4307 1175 4372 Verbo
1208 4309 1630 4374 intellexerit
1671 4309 1990 4374 Divinum
2031 4329 2246 4384 suurn,
2288 4313 2470 4395 quod
2517 4312 2640 4376 fuit

410 4405 561 4468 vita.
586 4424 709 4468 seu
744 4404 973 4467 anima
1013 4402 1313 4466 Humani
1350 4404 1589 4486 Ipsius,
1628 4413 1701 4468 et
1739 4423 1876 4467 non
1911 4403 2118 4468 alium
2152 4426 2195 4469 a
2241 4404 2330 4469 Se
2364 4426 2642 4489 separa-

412 4507 598 4577 tum;
645 4499 861 4562 immo
892 4517 1015 4562 nec
1048 4499 1275 4581 potuit
1305 4497 1510 4562 alium
1542 4498 1927 4581 intelligere
1954 4518 1969 4562 ε
2017 4499 2174 4562 inde
2207 4498 2528 4563 Divinum
2565 4511 2639 4564 et

412 4589 805 4657 Humanum
826 4592 895 4656 in
917 4593 1236 4671 Domino,
1256 4594 1628 4659 secundum
1649 4591 2028 4658 dofitrinam
2050 4592 2416 4659 Christiani
2435 4594 2640 4672 orbis,
