3259 5384
662 642 819 723 1982
1267 653 1766 705 APOCALYPSIS
1812 653 2260 705 Exulem-A.

647 821 985 902 significat
1050 820 1440 884 ecclesiam:
1510 821 1911 886 instauratio
1962 821 2290 886 ecclesiae
2355 831 2425 886 et
2492 823 2891 888 reformatio

647 934 880 979 eorum
917 915 1028 999 qui
1065 915 1152 977 ab
1187 914 1493 989 ecclesia,
1533 914 1935 996 intelligitur
1972 935 2093 996 per
2132 916 2473 990 “Parturi,
2515 917 2711 992 educ,
2746 916 2892 980 filia

649 1009 876 1072 Zionis
901 1009 952 1071 :'’
1001 1009 1186 1091 “jam
1219 1009 1436 1072 exibis
1473 1029 1564 1072 ex
1602 1009 1789 1084 urbe,
1822 1018 1895 1072 et
1931 1009 2269 1072 habitabis
2306 1011 2373 1072 in
2412 1010 2637 1091 agro,”
2668 1012 2886 1092 signi-

647 1099 807 1165 ficat
847 1102 1026 1184 quod
1067 1101 1388 1167 recedent
1425 1122 1466 1164 a
1502 1099 1811 1165 d06trina
1853 1103 1922 1166 in
1958 1123 2093 1185 qua
2138 1123 2273 1166 non
2319 1104 2609 1184 amplius
2647 1124 2887 1168 verum

647 1204 718 1257 et
756 1195 1029 1270 bonum,
1064 1206 1134 1258 et
1165 1195 1347 1279 quod
1379 1196 1699 1258 moraturi
1738 1195 1849 1258 ubi
1886 1196 2003 1258 illa
2040 1197 2107 1258 in
2140 1197 2335 1278 copia
2364 1206 2564 1274 sunt;
2616 1197 2889 1260 “urbs”

646 1298 752 1353 est
791 1285 1098 1350 d06trina
1133 1309 1176 1350 e
1207 1308 1340 1371 qua
1374 1289 1720 1363 recedent,
1765 1288 2031 1370 “ager'’
2064 1299 2173 1352 est
2220 1289 2331 1352 ubi
2376 1310 2536 1352 vera
2579 1299 2651 1353 et
2696 1290 2887 1354 bona

646 1383 711 1444 in
773 1383 966 1462 copia
1022 1391 1202 1458 sunt,
1261 1393 1330 1445 et
1388 1383 1639 1445 “exire
1660 1381 1690 1407 ’³
1748 1392 1853 1447 est
1911 1382 2249 1457 recedere,
2313 1402 2557 1464 nempe
2616 1383 2707 1446 ab
2764 1383 2889 1447 illa

645 1473 977 1548 doctrina,
1033 1485 1112 1538 et
1171 1476 1267 1541 sic
1323 1475 1590 1538 liberari
1648 1495 1690 1538 a
1746 1476 2148 1558 captivitate
2204 1476 2551 1558 spirituali.
2668 1476 2885 1558 Apud

645 1569 994 1644 Davidem,

753 1701 994 1766 jehovah
1025 1701 1224 1762 ‘²erigit
1257 1716 1288 1750 e
1324 1701 1544 1763 pulvere
1577 1701 1834 1761 attritum,
1861 1715 1893 1750 e
1929 1701 2267 1764 sterquilinio
2297 1702 2499 1752 exaltat
2532 1717 2782 1764 egenum,
2812 1703 2887 1752 nd

907 1767 1274 1816 collocandum
1318 1780 1437 1814 cum
1481 1767 1824 1829 principibus,
1864 1781 1985 1815 cum
2030 1767 2359 1830 principibus
2400 1768 2582 1830 populi
2624 1769 2739 1824 sui:
2790 1769 2887 1830 qui

903 1832 1142 1880 habitare
1165 1831 1292 1880 facit
1315 1831 1551 1880 sterilem
1574 1833 1813 1890 domum,
1842 1841 2069 1880 matrem
2092 1831 2321 1881 filiorum
2346 1833 2539 1881 laetam
2556 1831 2586 1852 '⁸
2609 1832 2720 1894 (Ps.
2739 1833 2885 1882 cxiii.

909 1899 1024 1960 7-9)
1041 1913 1055 1947 τ

646 2029 826 2112 quod
864 2029 956 2092 illi
995 2029 1104 2110 qui
1150 2029 1215 2090 in
1261 2027 1445 2090 falsis
1490 2048 1580 2091 ex
1627 2028 2033 2108 ignorantia,
2074 2038 2145 2091 et
2190 2027 2348 2091 inde
2393 2048 2531 2091 non
2576 2029 2643 2091 in
2682 2029 2885 2090 bonis

645 2133 826 2197 sunt,
875 2123 1246 2185 instruendi
1300 2123 1436 2185 sint
1487 2143 1528 2183 a
1580 2121 1878 2186 Domino
1928 2123 1997 2184 in
2042 2123 2238 2198 veris,
2288 2121 2705 2202 significatur
2758 2142 2881 2204 per

645 2218 825 2298 quod
861 2216 1164 2297 Jehovah
1205 2217 1457 2296 “erigit
1502 2236 1540 2278 e
1586 2215 1863 2296 pulvere
1898 2216 2231 2290 attritum,
2271 2224 2342 2278 et
2379 2236 2417 2278 e
2454 2214 2883 2297 sterquilinio

645 2310 912 2372 exaltat
959 2329 1250 2390 egenum
1273 2309 1325 2386 ;”
1382 2307 1703 2372 “attriti'’
1746 2317 1819 2371 et
1867 2309 2125 2388 “egeni
2142 2307 2171 2333 ’⁸
2218 2318 2375 2371 sunt
2421 2310 2533 2390 qui
2578 2310 2646 2372 in
2690 2308 2881 2371 salsis

643 2423 735 2465 ex
767 2404 1150 2484 ignorantia
1180 2413 1250 2465 et
1283 2402 1437 2465 inde
1469 2421 1606 2464 non
1640 2403 1707 2464 in
1739 2401 1973 2478 bonis;
2020 2402 2333 2484 primaria
2356 2421 2517 2464 vera
2547 2401 2881 2465 ecclesiae

645 2497 708 2557 in
770 2496 1008 2578 quibus
1071 2495 1444 2558 instruendi
1507 2505 1688 2570 sunt,
1748 2493 2210 2576 significantur
2273 2514 2393 2576 per
2454 2495 2879 2576 “principes,

644 2590 976 2670 principes
1031 2589 1316 2670 populi,”
1369 2608 1520 2652 cum
1578 2587 1819 2670 quibus
1871 2587 2285 2652 collocandi:
2350 2589 2531 2670 quod
2588 2589 2730 2651 vita
2784 2608 2879 2650 ex

644 2683 958 2764 conjugio
995 2684 1134 2746 veri
1180 2694 1251 2746 et
1296 2682 1454 2746 boni
1500 2683 1720 2746 futura
1764 2683 1941 2763 apud
1979 2703 2149 2764 quos
2193 2702 2330 2745 non
2378 2684 2579 2764 priuS,
2620 2681 2880 2763 signifi-

647 2787 838 2840 catur
875 2797 992 2857 per
1034 2776 1394 2839 “habitare
1439 2775 1659 2839 facere
1694 2775 1995 2838 sterilem
2032 2777 2330 2850 domum,
2371 2787 2663 2838 matrem
2704 2775 2878 2840 filio·-

643 2889 790 2932 rum
817 2869 1066 2934 laetam
1090 2869 1142 2947 3²⁹
1183 2875 1222 2903 ‘⁴
1241 2868 1545 2933 habitare
1561 2869 1592 2894 '⁹
1615 2867 1951 2950 significat
1976 2869 2221 2943 vivere,
2255 2876 2294 2901 ‘⁸
2312 2868 2560 2931 sterilis
2586 2870 2830 2932 domus
2846 2869 2879 2894 ''

643 2962 754 3025 ubi
793 2983 928 3024 non
962 2963 1344 3044 conjugium
1377 2963 1514 3025 veri
1551 2971 1622 3026 et
1661 2962 1842 3036 boni,
1881 2967 2159 3026 “mater
2188 2961 2473 3025 filiorum
2508 2961 2735 3025 laeta”
2766 2974 2877 3028 est

642 3055 931 3120 ecclesia
967 3057 1078 3118 ubi
1115 3076 1273 3119 vera
1310 3077 1398 3119 ex
1437 3055 1621 3119 bono
1660 3057 2029 3119 nascentia.
2116 3055 2327 3136 Apud
2362 3055 2758 3132 Hosclzeam,

741 3189 974 3254 “Quoad
1002 3188 1365 3252 Ephraimum.
1390 3189 1528 3238 sicut
1551 3189 1669 3237 avis
1691 3188 1929 3238 avolabit
1954 3189 2126 3252 gloria
2148 3188 2282 3252 ejus,
2305 3203 2338 3237 a
2366 3197 2519 3252 partu
2547 3198 2602 3239 et
2627 3204 2662 3239 a
2687 3199 2879 3242 ventre

901 3264 956 3304 et
977 3269 1012 3302 a
1033 3254 1380 3316 conceptione
1393 3253 1422 3274 ”
1446 3253 1534 3316 (ix.
1563 3253 1675 3315 11):

641 3383 822 3466 quod
862 3402 979 3463 per
1009 3382 1176 3446 haec
1209 3380 1622 3464 significetur
1651 3380 1833 3465 quod
1871 3382 2201 3463 periturus
2233 3382 2451 3444 omnis
2484 3379 2875 3446 intellectus

641 3473 782 3536 veri
819 3473 906 3536 ab
942 3473 1198 3536 ultimis
1233 3473 1320 3536 ad
1359 3474 1597 3554 prima,
1629 3473 1947 3535 videatur
1976 3493 2181 3554 supra
2212 3487 2283 3548 (n.
2313 3487 2567 3553 710[a]),
2602 3473 2714 3536 ubi
2750 3473 2875 3537 illa

641 3565 990 3646 explicata
1023 3577 1203 3628 sunt.
1291 3564 1500 3645 Apud
1534 3563 1805 3640 Lucam,

739 3706 896 3756 “Vae
931 3707 986 3756 in
1015 3715 1204 3756 ventre
1234 3707 1569 3768 gestantibus
1604 3714 1658 3755 et
1692 3702 2015 3754 lactantibus
2048 3705 2102 3754 in
2138 3705 2327 3754 diebus
2361 3705 2483 3765 illis,
2510 3705 2613 3755 erit
2640 3720 2872 3771 namque

898 3773 1150 3834 angustia
1172 3785 1392 3834 magna.
1413 3809 1425 3820 .
1445 3807 1482 3829 .,
1507 3782 1561 3820 et
1585 3771 1665 3819 ira
1687 3771 1742 3819 in
1767 3771 1966 3834 populo
1990 3771 2091 3819 hoc
2106 3769 2135 3790 ”
2158 3771 2285 3832 (xxi.
2312 3771 2393 3832 23)
2414 3785 2425 3830 ;

640 3895 712 3949 et
749 3885 926 3966 apud
964 3886 1276 3959 eundem,

738 4001 769 4024 ‘⁸
783 3997 919 4049 Ecce
943 3999 1160 4048 venient
1181 3998 1312 4056 dies,
1331 3997 1387 4046 in
1412 3997 1600 4060 quibus
1624 3997 1820 4056 dicent,
1841 3996 2042 4046 Beatae
2068 3996 2294 4055 steriles,
2312 4004 2366 4045 et
2390 4005 2607 4045 ventres
2630 3997 2720 4060 qui
2755 4011 2867 4046 non

898 4075 1213 4126 genuerunt,
1228 4073 1282 4112 et
1300 4063 1464 4111 ubera
1481 4076 1615 4125 quae
1636 4077 1745 4111 non
1770 4059 2035 4111 lactarunt
2048 4060 2077 4082 ’⁹
2094 4061 2259 4122 (xxiii.
2278 4073 2341 4132 29
2362 4075 2375 4112 ε
2410 4061 2657 4111 similiter
2672 4061 2868 4111 Mattk.

898 4129 1041 4179 xxiv.
1068 4141 1162 4192 193
1195 4129 1363 4178 Marc.
1387 4128 1495 4176 xiii.
1524 4130 1632 4188 17):

640 4260 823 4345 quod
860 4260 1027 4324 haec
1065 4261 1150 4323 de
1187 4260 1316 4322 illis
1348 4261 1459 4342 qui
1496 4260 1560 4321 in
1603 4257 1733 4322 fine
1770 4257 2118 4332 ecclesiae,
2158 4258 2429 4340 quando
2468 4277 2603 4321 non
2642 4258 2866 4341 aliqua

637 4355 933 4436 genuina
978 4374 1137 4416 vera
1180 4355 1337 4435 quin
1392 4351 1825 4416 falsificentur
1869 4353 2072 4432 recipi
2126 4363 2429 4433 possunt,
2478 4350 2661 4415 dicta
2704 4354 2861 4427 sint,

639 4447 953 4510 videatur
987 4446 1196 4508 etiam
1235 4465 1439 4526 supra
1476 4461 1544 4520 (n.
1566 4458 1819 4525 710[a]).
1901 4443 2115 4526 Apud
2150 4443 2553 4520 Jeremiam,

736 4587 766 4609 ‘⁴
785 4585 976 4636 Perdix
1005 4584 1206 4647 colligit
1233 4583 1327 4633 sed
1358 4597 1466 4632 non
1497 4583 1651 4646 parit,
1674 4582 1879 4632 faciens
1905 4581 2119 4632 divitias
2146 4581 2243 4632 sed
2274 4597 2385 4632 non
2414 4596 2534 4631 cum
2565 4582 2782 4646 judicio,
2811 4583 2868 4634 in
