3259 5384
599 621 770 704 2396
1218 631 1722 686 APOCALYPSIS
1766 633 2218 686 EXPLICATA.

599 823 720 884 per
759 809 800 837 ‘⁸
826 803 1046 868 Deum
1093 811 1163 869 et
1208 801 1539 884 Agnum”
1569 803 1639 866 in
1675 801 2092 884 Apocalypsi
2130 800 2552 885 intelligatur
2598 801 2837 872 Domi-

601 917 724 962 nus
756 899 978 980 quoad
1013 897 1243 980 Ipsum
1275 897 1594 962 Divinum
1626 906 1697 960 et
1736 895 1933 960 simul
1962 897 2187 980 quoad
2219 896 2539 960 Divinum
2574 896 2837 960 Huma-

601 1008 785 1065 num,
819 990 1132 1053 videatur
1167 1009 1372 1072 supra
1407 1005 1478 1065 (ιι.
1501 1004 1648 1070 297,
1680 1004 1821 1068 314.
1852 1004 1996 1070 343.
2021 987 2168 1068 460.
2192 991 2368 1068 482).

717 1093 932 1160 866.
963 1108 1124 1168 [Vm.
1151 1107 1220 1168 5.]
1271 1091 1391 1155 “ft
1413 1091 1474 1154 in
1505 1110 1616 1155 on
1644 1091 1883 1154 moe-um
1917 1109 2034 1154 non
2067 1097 2172 1155 oet
2207 1092 2484 1155 iuventus
2516 1091 2839 1154 dolus!—

598 1185 802 1268 Quod
827 1185 1166 1268 significet
1190 1185 1371 1267 quod
1384 1194 1784 1249 aversentur
1794 1185 2094 1266 cog-itare
2108 1193 2175 1248 et
2185 1184 2601 1266 persuadere
2602 1182 2832 1264 falsa,

597 1286 872 1342 constat
909 1299 1000 1340 ex
1035 1275 1530 1359 significatione
1566 1275 1816 1352 “oriS,'’
1852 1276 2035 1359 quod
2072 1277 2161 1341 sit
2200 1277 2530 1358 cogitatio
2566 1285 2638 1339 et
2674 1275 2834 1339 inde

597 1369 896 1452 loquela,
913 1369 1200 1452 proinde
1235 1367 1444 1432 etiam
1469 1369 1822 1451 persuasio
1843 1383 1927 1444 (de
1946 1397 2047 1442 qua
2064 1397 2225 1444 supra,
2245 1397 2293 1430 n.
2317 1368 2456 1454 580.
2478 1369 2622 1447 782.
2641 1380 2791 1446 794)
2814 1387 2833 1444 ;

596 1476 668 1528 et
713 1486 804 1530 ex
850 1463 1342 1546 significatione
1385 1462 1643 1538 “doli‚’'
1675 1463 1859 1546 quod
1912 1465 2002 1527 sit
2046 1485 2137 1528 ex
2183 1465 2555 1547 proposito,
2603 1464 2700 1527 ita
2742 1483 2832 1525 ex

596 1561 978 1624 intentione
1015 1579 1188 1640 quae
1225 1558 1598 1622 voluntatis
1635 1557 1868 1621 fallere
1912 1567 1985 1622 et
2022 1559 2366 1635 seducere,
2405 1559 2503 1621 ita
2546 1577 2637 1620 ex
2684 1557 2833 1620 ani-

598 1672 712 1717 mo
749 1653 1051 1735 cogitare
1099 1661 1168 1716 et
1207 1651 1613 1734 persuadere
1659 1649 1845 1724 falsa,
1887 1672 2059 1734 quae
2094 1652 2449 1722 hominem
2494 1652 2562 1714 in
2608 1660 2831 1715 aeter-

601 1767 762 1810 num
786 1747 1116 1829 perdunt:
1157 1746 1338 1829 quod
1364 1745 1528 1808 talia
1551 1745 1731 1827 apud
1756 1745 1909 1809 illos
1935 1747 2047 1828 qui
2071 1766 2113 1808 a
2145 1745 2442 1808 Domino
2465 1745 2825 1819 ducuntur,

600 1863 718 1906 seu
765 1841 996 1922 Ipsum
1041 1850 1430 1923 sequuntur,
1479 1859 1616 1903 non
1662 1841 1820 1917 sint,
1860 1838 2276 1921 significatur
2322 1859 2440 1920 per
2484 1839 2665 1921 quod
2706 1839 2831 1902 “in

602 1957 717 2001 ore
748 1934 1015 1998 illorum
1053 1954 1189 1997 non
1227 1933 1606 1997 inveniatur
1637 1933 1835 1998 dolus
1858 1933 1911 2012 ;’'
1948 1953 2106 1996 nam
2143 1934 2472 1996 Dominus
2505 1941 2611 1996 est
2644 1931 2830 1994 Divi·

602 2048 759 2094 num
799 2029 1059 2094 Verum
1104 2029 1366 2091 unitum
1413 2027 1662 2091 Divino
1710 2028 1942 2105 Bono;
1990 2029 2057 2090 in
2104 2029 2233 2092 hoc
2277 2037 2349 2090 et
2394 2029 2462 2090 in
2508 2026 2629 2090 illo
2674 2037 2833 2091 sunt

601 2144 836 2188 omnes
873 2124 985 2205 qui
1021 2124 1088 2186 in
1133 2121 1430 2186 Domino
1467 2131 1649 2196 sunt,
1696 2123 1808 2203 qui
1852 2132 2012 2185 sunt
2057 2123 2168 2204 qui
2213 2130 2598 2203 agnoscunt
2646 2121 2831 2184 Divi·

601 2237 760 2281 num
793 2215 1182 2280 Humanum
1225 2215 1461 2297 IpsiuS,
1490 2224 1560 2278 et
1591 2215 1845 2279 faciunt
1880 2226 2243 2297 praecepta
2278 2215 2533 2297 Ipsius;
2579 2225 2651 2279 et
2681 2217 2835 2299 quia

600 2311 904 2393 cogitare
941 2310 1108 2374 salsa
1143 2318 1251 2374 est
1287 2319 1528 2374 contra
1567 2309 1885 2373 Divinum
1920 2309 2199 2384 Verum,
2233 2329 2311 2373 ae
2350 2309 2527 2372 velle
2560 2329 2832 2392 persua·

598 2403 758 2466 dere
795 2401 914 2466 illa
945 2411 1054 2466 est
1091 2413 1333 2468 contra
1379 2403 1700 2467 Divinum
1741 2404 2025 2479 Bonum,
2066 2406 2222 2468 ideo
2265 2415 2665 2468 aversantur
2700 2404 2832 2468 illa.

600 2495 781 2578 Quid
802 2507 1155 2578 praeterea
1174 2503 1213 2530 ‘⁶
1232 2497 1425 2561 dolus
1441 2497 1551 2560 ”in
1568 2497 1804 2562 Verbo
1822 2497 2181 2580 significat,
2200 2509 2515 2562 constare
2540 2509 2772 2580 potest
2793 2520 2834 2563 a

599 2589 766 2655 locis
796 2591 908 2667 ibi,
936 2591 1049 2655 ubi
1081 2593 1365 2671 dicitur3
1413 2600 1489 2656 ut
1520 2593 1588 2655 in
1621 2592 2058 2676 sequentibus
2082 2592 2397 2674 z—Apud
2430 2593 2829 2669 Johannem,

694 2731 855 2798 Jesus
883 2733 1018 2784 dixit
1043 2735 1110 2784 de
1141 2733 1476 2785 Nathanaele
1500 2736 1753 2785 veniente
1780 2736 1849 2784 ad
1878 2735 1961 2795 Se,
1988 2737 2019 2758 ‘⁸
2037 2733 2173 2784 Ecce
2197 2750 2324 2785 vere
2354 2734 2615 2794 Israelita.
2641 2737 2697 2785 in
2724 2750 2829 2800 quo

857 2799 1014 2849 dolus
1039 2815 1150 2850 non
1175 2799 1299 2851 est”
1317 2801 1373 2863 (i.
1395 2802 1460 2862 48
1487 2798 1578 2866 [B.
1597 2803 1667 2852 A.
1682 2797 1827 2865 47]):

598 2959 719 3022 per
757 2940 1244 3005 “Israelitam’'
1281 2940 1699 3024 significatur
1734 2943 1846 3024 qui
1882 2943 1949 3004 in
1987 2942 2171 3006 bono
2207 2942 2559 3006 charitatis
2596 2953 2723 3018 est,
2762 2952 2830 3006 et

598 3055 690 3098 ex
727 3032 846 3098 illo
883 3035 950 3098 in
989 3037 1184 3112 veriS,
1225 3037 1321 3101 ita
1358 3035 1469 3118 qui
1514 3037 1581 3099 in
1620 3038 1795 3100 veris
1832 3057 1922 3100 ex
1971 3036 2194 3114 bono;
2249 3035 2317 3098 hi
2363 3055 2632 3118 quoque
2676 3044 2830 3097 sunt

598 3129 709 3210 qui
775 3128 1250 3211 intelliguntur
1313 3150 1432 3211 per
1494 3135 1828 3194 “centum
1895 3139 1967 3192 et
2033 3129 2484 3211 quadraginta
2548 3137 2831 3211 quatuor

599 3220 808 3286 millia
821 3222 852 3248 ’'
878 3225 989 3305 qui
1025 3234 1396 3306 sequuntur
1430 3223 1819 3300 Dominum,
1854 3225 1976 3286 “in
2008 3243 2290 3306 quorum
2323 3244 2437 3287 ore
2471 3243 2607 3286 non
2646 3223 2830 3286 inve-

600 3317 780 3379 nitur
822 3317 1020 3380 dolus
1048 3317 1102 3396 ;''
1154 3338 1359 3400 quare
1403 3318 1493 3381 ibi
1540 3336 1661 3399 per
1701 3318 1989 3382 “dolum
2007 3318 2035 3342 ”
2066 3317 2307 3380 similia
2350 3315 2831 3400 significantur.

602 3407 812 3491 Apud
849 3409 1284 3492 Zepham'am,

698 3544 728 3566 ‘¹
744 3542 1024 3607 Reliquiae
1051 3543 1268 3594 IsraeIIs
1303 3559 1412 3594 non
1438 3543 1639 3594 facient
1663 3544 2084 3608 perversitatem,
2112 3558 2283 3607 neque
2305 3544 2596 3608 loquentur
2618 3543 2833 3593 menda·

859 3611 1016 3670 cium,
1041 3625 1214 3675 neque
1237 3610 1540 3660 invenietur
1564 3611 1619 3659 in
1646 3623 1739 3660 ore
1764 3610 1977 3659 illorum
2002 3610 2187 3672 lingua
2208 3609 2318 3658 doli
2334 3608 2363 3628 ”
2388 3609 2483 3671 (iii.
2512 3611 2622 3672 13):

600 3761 723 3824 per
770 3743 1139 3827 “reliquias
1186 3741 1454 3807 Israelis
1471 3741 1501 3768 '’
1545 3741 2019 3824 intelliguntur
2064 3743 2175 3824 qui
2219 3743 2284 3804 in
2333 3741 2463 3804 fide
2508 3740 2831 3823 spirituali

599 3846 780 3912 sunt,
815 3839 970 3920 quia
999 3839 1066 3901 in
1098 3838 1282 3901 bono
1313 3837 1685 3912 charitatis,
1720 3837 2025 3899 similiter
2054 3857 2133 3900 ac
2168 3856 2370 3919 supra
2398 3857 2517 3918 per
2545 3843 2831 3900 “verum

601 3931 981 3995 Israelitam
1004 3931 1058 3994 :”
1095 3951 1214 4012 per
1237 3937 1276 3963 “
1296 3931 1477 4013 loqui
1501 3930 1930 3995 mendacium
1946 3931 1975 3955 ”
1995 3931 2410 4012 significatur
2440 3931 2689 3995 docere
2712 3931 2831 3994 fal-

599 4044 748 4088 sum
780 4046 871 4087 ex
897 4025 1279 4107 ignorantia
1301 4026 1440 4089 veri
1463 4047 1480 4104 ;
1528 4035 1601 4089 at
1625 4045 1744 4107 per
1772 4031 1811 4058 “
1830 4025 2061 4089 dolum
2078 4026 2106 4050 ”
2132 4025 2549 4108 significatur
2572 4026 2828 4101 falsum,

601 4115 794 4182 ¹¹¹non
831 4139 922 4181 ex
961 4119 1345 4201 ignorantia
1383 4120 1542 4195 veri,
1577 4119 1698 4184 sed
1736 4139 1825 4182 ex
1863 4119 2200 4194 consulto,
2228 4121 2324 4183 ita
2358 4140 2447 4182 ex
2486 4121 2831 4202 proposito

599 4212 899 4290 fallendi,
948 4213 1122 4277 sicut
1169 4224 1278 4278 est
1331 4215 1508 4295 apud
1567 4215 1828 4295 impios,
1919 4211 2241 4278 Similiter
2285 4216 2352 4277 in
2398 4215 2833 4296 sequentibus

599 4307 807 4372 locis:

696 4439 863 4492 “Non
887 4440 1199 4490 violentiam
1224 4440 1363 4502 fecit,
1390 4456 1488 4492 nec
1510 4439 1669 4491 dolus
1692 4442 1747 4491 in
1772 4455 1864 4492 ore
1892 4421 2115 4504 'Ipsius’
2138 4440 2307 4506 (Esai.
2332 4441 2425 4492 liii.
2450 4441 2537 4505 9);

599 4565 692 4630 ibi
728 4564 816 4630 de
854 4563 1172 4629 Domino.
