3259 5384
922 699 1084 751 car.
1117 699 1304 763 xm..
1335 699 1546 751 vans.
1587 699 1845 750 rie—N.
1880 684 2130 770 815[b].
2472 699 2645 770 2279

505 868 664 931 Jesus
696 870 762 920 ad
785 884 1004 920 mecum
1029 870 1178 930 dixit,
1205 869 1410 922 “Fides
1443 879 1536 920 tua
1567 871 1782 922 salvum
1818 879 1871 922 te
1904 870 2051 930 tecit,
2079 879 2133 921 et
2167 870 2439 935 extemplo
2461 869 2645 922 videre

669 935 884 998 potuit”
911 935 1074 998 (xviii.
1101 936 1317 998 43,43);

411 1057 587 1140 apud
621 1057 955 1135 Marcum,

503 1169 664 1235 Jesus
685 1171 820 1221 dixit
844 1172 914 1222 ad
935 1171 1244 1235 discipulos,
1273 1185 1394 1221 cum
1431 1185 1544 1222 non
1571 1185 1765 1221 sanare
1788 1179 2079 1236 potuerunt
2106 1171 2333 1235 alicujus
2358 1171 2521 1222 tiliam
2546 1172 2647 1221 ha-

669 1237 884 1286 bentem
902 1237 1150 1299 spiritum
1171 1247 1376 1288 mutum
1396 1252 1410 1298 3
1437 1238 1522 1288 cui
1539 1237 1699 1301 Jesus
1716 1237 1867 1297 dixit,
1892 1240 1923 1260 “
1937 1237 1992 1286 Si
2012 1238 2189 1301 possis
2207 1237 2439 1294 credere,
2458 1237 2647 1294 omnia

668 1301 946 1364 possibilia
977 1311 1104 1352 sunt
1138 1303 1376 1352 credenti
1396 1319 1433 1352 ε.
1455 1303 1788 1352 .exclamans
1824 1312 1977 1365 pater
2012 1303 2158 1365 pueri
2196 1317 2317 1352 cum
2354 1301 2644 1365 lachrymis

671 1366 820 1426 dixit,
845 1367 1020 1418 Credo
1053 1367 1285 1417 Domine
1307 1381 1320 1427 ;
1355 1367 1483 1430 juva
1510 1382 1687 1417 meam
1714 1368 2140 1418 incredulitatem
2162 1367 2211 1426 ;”
2235 1377 2289 1417 et
2316 1376 2538 1418 sanatus
2561 1377 2647 1417 est

671 1431 760 1492 (ix-
791 1443 866 1492 17.
891 1443 969 1492 2³.
999 1435 1103 1493 ²4)-

413 1558 612 1642 Quod
647 1557 815 1624 fides
845 1561 913 1624 in
946 1561 1316 1624 Dominum
1347 1560 1694 1626 sanaverit
1730 1559 1908 1635 illos,
1942 1569 2140 1624 erant
2179 1570 2321 1624 tres
2354 1577 2640 1624 causae:

403 1655 650 1734 prima,
696 1655 880 1738 quod
931 1656 1340 1736 agnoverint
1389 1655 1710 1720 Divinam
1770 1655 1991 1738 Ipsius
2037 1655 2639 1737 omnipotentiam,

409 1759 478 1811 et
519 1749 703 1832 quod
749 1758 935 1813 esset
982 1749 1207 1813 Deus:
1254 1749 1539 1813 secunda
1581 1760 1759 1824 erat,
1794 1750 1950 1831 quia
1995 1749 2163 1812 fides
2208 1748 2641 1838 est-agnitio,

409 1853 477 1906 et
535 1863 628 1906 ex
686 1843 1038 1925 agnitione
1083 1844 1399 1921 intuitio;
1443 1864 1525 1907 ac
1571 1845 1794 1907 omnis
1840 1844 2116 1908 intuitio
2147 1863 2236 1906 ex
2280 1843 2645 1925 agnitione

409 1937 584 2000 sistit
646 1937 852 2000 alium
911 1938 1036 2000 sibi
1095 1947 1552 2019 praesentem,
1613 1938 1799 2020 quod
1863 1939 1933 2001 in
1996 1936 2253 2002 mundo
2313 1935 2646 2018 spirituali

410 2049 766 2094 commune
798 2041 944 2108 est3
990 2031 1099 2095 hic
1135 2033 1362 2114 itaque
1395 2032 1669 2096 intuitio
1702 2053 1791 2095 ex
1818 2033 2175 2113 agnitione
2207 2032 2643 2112 omnipoten-

311 2193 318 2202 ,
410 2125 540 2188 tiae
579 2125 878 2200 Domini,
917 2145 1091 2208 quae
1127 2135 1276 2189 erat
1312 2147 1404 2189 ex
1441 2147 1574 2209 qua
1605 2126 1895 2208 primum
1928 2126 2234 2191 intuituri
2275 2125 2645 2190 Dominum

409 2229 622 2292 erant,
670 2239 878 2302 quum
937 2240 1116 2284 nova
1181 2221 1269 2283 ab
1315 2220 1476 2303 Ipso
1549 2220 1841 2284 ecclesia
1904 2222 2415 2298 institueretur;
2487 2219 2645 2283 inde

409 2323 726 2376 constare
751 2322 984 2396 potest
1009 2315 1168 2396 quid
1202 2334 1320 2396 per
1345 2313 1548 2379 fidem
1583 2315 1675 2378 ibi
1704 2313 2152 2396 intelligitur:
2202 2315 2408 2378 tertia
2439 2333 2645 2377 causa

409 2416 572 2482 erat,
602 2408 786 2489 quod
820 2427 1058 2471 omnes
1091 2409 1329 2484 morbi,
1356 2427 1527 2490 quos
1560 2407 1895 2471 Dominus
1928 2410 2220 2483 sanavit,
2247 2427 2644 2490 repraesen-

411 2502 706 2564 taverint
751 2512 823 2564 et
869 2502 1027 2565 inde
1070 2501 1599 2583 significaverint
1642 2502 1917 2566 morbos
1963 2502 2346 2584 spirituales
2394 2501 2646 2565 morbis

410 2593 536 2657 illis
563 2593 985 2658 naturalibus
1011 2596 1672 2678 correspondentes;
1719 2616 1799 2660 ac
1835 2597 2056 2660 morbi
2089 2595 2473 2679 spirituales
2507 2614 2643 2658 non

411 2700 693 2773 possunt
732 2691 954 2752 sanari
993 2691 1120 2753 nisi
1156 2710 1362 2773 quam
1408 2711 1449 2754 a
1495 2691 1819 2766 Domino,
1858 2701 1931 2755 et
1967 2691 2240 2774 quidem
2280 2713 2398 2774 per
2434 2681 2641 2755 intui·

409 2783 664 2846 tionem
699 2785 765 2846 in
800 2783 1116 2848 Divinam
1152 2785 1372 2867 Ipsius
1403 2786 1999 2868 omnipotentiam,
2028 2805 2107 2849 ac
2141 2806 2260 2868 per
2286 2787 2643 2867 paeniten-

411 2877 574 2942 tiam
611 2879 834 2956 vitae3
881 2897 1086 2960 quare
1133 2880 1341 2942 etiam
1389 2878 1748 2962 aliquoties
1794 2878 1996 2954 dixit,
2050 2879 2427 2942 “Remissa
2484 2889 2645 2943 sunt

409 2971 530 3034 tibi
567 2981 876 3054 peccata,
917 2973 1025 3035 abi
1065 2982 1135 3035 et
1176 2992 1311 3035 non
1350 2992 1562 3055 pecca
1605 2972 1893 3056 amplius
1918 2973 1971 3051 ;”
2015 2973 2188 3037 haec
2226 2971 2394 3037 fides
2433 2973 2642 3036 etiam

411 3083 524 3146 per
555 3063 758 3128 fidem
797 3065 974 3129 hanc
1009 3065 1484 3130 miraculosam
1519 3067 2162 3149 repraesentabatur
2194 3077 2263 3131 et
2304 3065 2643 3148 significa-

410 3159 644 3238 batur;
695 3160 815 3222 sed
853 3157 1042 3234 fides,
1070 3181 1188 3243 per
1219 3179 1422 3243 quam
1462 3181 1503 3224 a
1541 3160 1839 3223 Domino
1872 3170 2199 3224 sanantur
2245 3161 2461 3223 morbi
2506 3161 2643 3242 spi·

410 3253 708 3330 ritualeS,
752 3273 886 3317 non
935 3255 1136 3319 datur
1173 3257 1300 3318 nisi
1346 3274 1549 3338 quam
1596 3275 1717 3338 per
1762 3276 1921 3318 vera
1967 3277 2055 3318 ex
2105 3253 2361 3330 Verb0,
2411 3263 2481 3317 et
2527 3273 2647 3336 per

410 3348 616 3410 vitam
641 3350 1016 3412 secundum
1041 3348 1198 3426 illa;
1237 3349 1384 3432 ipsa
1408 3371 1569 3413 vera
1593 3359 1669 3412 et
1686 3351 1830 3413 vita
1854 3349 2225 3413 secundum
2247 3347 2364 3412 illa
2389 3349 2643 3414 faciunt
2690 3343 2698 3352 ’

409 3440 604 3522 quale
641 3440 837 3505 fidei·
887 3443 1006 3506 sed
1040 3443 1126 3504 de
1173 3443 1301 3507 hac
1341 3442 1532 3526 plura
1578 3444 1647 3506 in
1684 3441 2125 3526 sequentibus
2149 3441 2465 3524 t—Apud
2511 3441 2643 3516 Jo-

409 3535 708 3612 hannem,

505 3670 648 3720 Dicit
667 3684 823 3720 soror
842 3671 1064 3720 Lazari
1043 3685 1154 3734 Jam
1174 3672 1300 3721 dum
1321 3671 1566 3732 mortuist
1571 3671 1872 3722 ‘Domine'
1852 3685 1962 3750 Jarn
1981 3672 2145 3730 olen.
2164 3671 2349 3722 ..dicit
2373 3671 2449 3721 illi
2500 3684 2643 3730 esus,

669 3735 866 3785 Nonne
884 3737 1122 3786 dixeram
1145 3737 1254 3797 tibi,
1284 3733 1476 3802 [quod]
1497 3737 1544 3787 si
1568 3738 1829 3797 crederes,
1849 3737 2033 3786 visura
2054 3751 2203 3786 esses
2226 3736 2455 3799 gloriam
2527 3733 2645 3788 ei?”

665 3801 758 3863 (xi
789 3813 868 3864 ³9.
891 3815 960 3862 40
973 3805 1010 3864 ·)

409 3914 584 3996 apud
621 3913 891 3991 Lucam,

501 4027 663 4092 Jesus
685 4029 820 4078 dixit
844 4029 1053 4078 mulieri
1078 4029 1372 4092 peccatrici,
1397 4043 1532 4093 quae
1563 4029 1849 4080 madefecit
1872 4029 2159 4092 lachrymis
2183 4029 2347 4108 pedes
2372 4027 2566 4091 Ipsius,
2590 4036 2646 4077 et

666 4094 872 4157 capillis
897 4094 1086 4157 capitis
1111 4096 1376 4154 abstersit,
1406 4104 1460 4144 et
1487 4096 1730 4144 osculata
1753 4095 1933 4158 pedes,
1962 4109 2099 4160 quos
2126 4095 2289 4144 etiam
2318 4094 2440 4143 oleo
2474 4093 2644 4152 unxit,

602 4217 614 4226 .
799 4159 1094 4210 “Remissa
1121 4169 1248 4210 sunt
1275 4161 1372 4210 tibi
1401 4171 1619 4222 peccata
1652 4171 1817 4220 tua,..
1835 4159 2025 4212 ..fides
2060 4169 2153 4210 tua
2174 4169 2227 4210 te
2262 4159 2467 4210 salvam
2502 4157 2645 4218 iacit,

665 4195 754 4273 abi
779 4225 833 4273 in
863 4223 1074 4288 pacem'
1079 4223 1226 4286 ’(vii.
1251 4227 1331 4287 38,
1353 4227 1434 4286 48,
1462 4227 1573 4288 50):

409 4371 496 4415 ex
551 4352 658 4415 his
711 4372 978 4435 quoque
1039 4361 1234 4434 patet
1294 4353 1478 4436 quod
1537 4351 1705 4416 fides
1764 4353 2309 4435 omnipotentiae
2368 4351 2644 4415 Domini

409 4447 750 4511 sanaverit
787 4446 962 4523 illos,
999 4457 1070 4511 et
1107 4468 1375 4530 quoque
1405 4446 1587 4530 quod
1625 4447 1867 4510 eadem
1905 4446 2074 4511 fides
2112 4449 2471 4521 remiserit,
2506 4447 2639 4510 hoc

411 4551 536 4615 est,
575 4542 965 4616 removerit,
1007 4552 1338 4623 peccata;
1396 4561 1600 4605 causa
1646 4552 1817 4618 erat,
1856 4542 2013 4623 quia
2057 4541 2296 4605 mulier
2340 4539 2459 4603 illa
2504 4557 2641 4602 non

411 4635 626 4697 solum
671 4633 874 4698 fidem
929 4635 1218 4698 Divinae
1271 4637 1817 4717 omnipotentiae
1876 4637 1966 4700 de
2018 4635 2322 4712 Domino
2376 4634 2638 4710 habuit,
