3259 5384
590 642 761 726 2236
1211 656 1711 710 APOCALYPSIS
1757 655 2208 708 EmecATA.

590 847 800 909 usque
845 827 1223 890 necessaria
1265 826 1352 890 ad
1399 826 1869 902 salvationem,
1910 825 2028 890 dat
2077 825 2263 890 Deus
2306 823 2561 888 homini
2608 822 2809 904 perci·

587 939 786 1000 pere:
835 919 1021 984 Deus
1059 920 1238 983 enim
1270 930 1588 1002 operatur
1617 931 1692 984 ut
1723 920 1929 984 homo
1960 921 2222 1002 cogitet
2254 929 2325 982 et
2362 918 2676 1000 loquatur
2706 915 2813 980 illa

585 1034 759 1096 quae
797 1013 949 1078 fidei
987 1026 1165 1090 sunt,
1205 1035 1284 1078 ac
1325 1024 1398 1078 ut
1429 1016 1592 1080 velit
1628 1025 1701 1078 et
1736 1014 1941 1078 saciat
1977 1013 2093 1076 illa
2127 1034 2302 1096 quae
2338 1013 2589 1076 amoris
2622 1021 2815 1086 sunt;

586 1127 738 1171 cum
778 1107 982 1173 homo
1019 1108 1173 1172 inde
1211 1109 1494 1190 cogitat,
1537 1109 1851 1192 loquitur,
1892 1108 2037 1173 vult
2072 1117 2146 1172 et
2183 1107 2363 1181 facit,
2406 1126 2543 1168 non
2582 1114 2813 1186 potest

585 1201 782 1265 aliter
817 1222 1019 1285 quam
1057 1213 1130 1267 ut
1168 1205 1448 1286 cogitet,
1489 1203 1823 1287 loquatur,
1862 1202 2029 1266 velit
2066 1211 2137 1266 et
2173 1201 2376 1264 faciat
2413 1202 2589 1264 sicut
2624 1220 2667 1264 a
2702 1219 2811 1276 se;

587 1306 903 1377 operatur
935 1298 1122 1361 Deus
1151 1298 1219 1362 in
1249 1297 1368 1362 illa
1396 1298 1576 1378 apud
1607 1297 1953 1362 hominem
1984 1316 2155 1380 quae
2186 1317 2229 1360 a
2264 1295 2353 1360 Se
2384 1297 2449 1358 in
2487 1295 2607 1361 illo
2636 1304 2809 1368 sunt,

587 1411 829 1473 nempe
889 1391 953 1454 in
999 1413 1158 1456 vera
1215 1411 1386 1474 quae
1444 1391 1600 1456 fidei
1658 1401 1837 1466 sunt,
1886 1400 1960 1455 et
2013 1391 2079 1454 in
2126 1391 2307 1454 bona
2350 1409 2525 1471 quae
2571 1389 2813 1452 amoris

585 1496 782 1564 sunt;
830 1505 1033 1566 quare
1078 1505 1234 1549 cum
1279 1486 1466 1550 Deus
1509 1487 1690 1550 sistit
1735 1485 1851 1550 illa
1894 1487 1963 1548 in
2005 1483 2377 1559 intellectu,
2418 1491 2501 1548 et‘
2534 1483 2702 1547 haec
2749 1483 2813 1544 in

585 1578 960 1654 voluntate,
987 1590 1321 1662 apparent
1350 1580 1604 1645 homini
1633 1582 1809 1644 sicut
1834 1599 1973 1654 sua,
2002 1589 2073 1644 et
2104 1581 2277 1642 sicut
2310 1599 2429 1642 sua
2462 1576 2809 1659 producit;

585 1674 885 1754 cogitare
930 1683 1001 1737 et
1049 1673 1252 1756 loqui,
1293 1685 1440 1738 tum
1483 1674 1662 1738 velle
1708 1684 1779 1737 et
1822 1674 2041 1738 facere
2089 1673 2287 1736 aliter
2329 1692 2372 1735 a
2420 1672 2570 1734 Deo
2616 1689 2813 1734 nemo

583 1777 849 1848 potest:
897 1768 1064 1830 satis
1093 1777 1220 1842 est,
1255 1768 1435 1849 quod
1468 1768 1677 1832 homo
1704 1769 1875 1832 sciat
1906 1777 1981 1831 et
2010 1777 2341 1848 agnoscat
2374 1767 2554 1848 quod
2588 1786 2629 1828 a
2665 1765 2813 1828 Deo

583 1861 760 1923 sint:
817 1861 962 1943 ipsa
995 1861 1112 1924 illa
1149 1862 1456 1943 operatio
1494 1862 1739 1924 Divina
1782 1860 1857 1926 fit
1896 1881 2097 1942 saepe
2135 1859 2409 1924 homine
2446 1860 2811 1932 nesciente,

583 1954 702 2016 sed
734 1952 1010 2018 effectus
1041 1955 1197 2018 inde
1235 1955 1402 2020 fiunt
1436 1955 1711 2020 homine
1746 1956 2043 2019 sciente:
2092 1956 2189 2018 ita
2218 1952 2643 2034 intelligitur,

693 2127 850 2192 Quod
879 2142 989 2176 non
1015 2127 1188 2206 possit
1212 2127 1417 2176 “homo
1445 2143 1658 2178 sumere
1686 2128 1981 2192 quicquam,
2007 2126 2111 2176 nisi
2138 2126 2208 2175 sit
2235 2127 2419 2176 datum
2450 2125 2526 2174 illi
2558 2141 2590 2175 e
2624 2123 2817 2174 caelo”

691 2193 860 2308 Dixit(
897 2193 1095 2318 egistus·
1110 2192 1237 2308 {ige
1263 2257 1356 2310 Me
1383 2273 1495 2308 non
1521 2258 1749 2320 potestis
1770 2257 1947 2308 facere
1970 2257 2255 2321 quicquam
2272 2256 2301 2275 ”
2324 2255 2473 2320 (Joh.
2496 2270 2584 2304 xv.
2612 2253 2676 2316 5).

581 2427 652 2494 Si
685 2429 892 2493 homo
929 2450 1063 2494 non
1103 2431 1412 2494 conscius
1449 2439 1630 2494 esset
1668 2430 1737 2492 in
1783 2429 2167 2511 cogitandis
2203 2429 2401 2502 veriS,
2441 2438 2512 2492 et
2548 2429 2616 2491 in
2653 2426 2817 2490 saci-

580 2524 770 2586 endis
795 2523 1010 2599 bonis,
1039 2545 1128 2588 ex
1162 2544 1366 2588 causa
1395 2545 1482 2588 ne
1519 2545 1679 2588 vera
1707 2534 1781 2587 et
1819 2524 2000 2587 bona
2031 2525 2165 2587 sint
2201 2542 2244 2585 a
2280 2543 2373 2597 se,
2400 2523 2609 2587 homo
2640 2521 2815 2585 foret

583 2616 690 2680 vel
735 2618 906 2682 sicut
951 2618 1202 2682 animal
1239 2617 1346 2682 vel
1393 2619 1569 2683 sicut
1613 2619 1864 2699 stipes;
1930 2619 2026 2680 ita
2078 2637 2215 2680 non
2274 2626 2505 2698 posset
2564 2615 2817 2697 aliquid

583 2711 710 2774 Dei
765 2722 881 2775 aut
927 2711 1176 2794 aliquid
1235 2733 1276 2776 a
1337 2712 1488 2776 Deo
1540 2713 1845 2794 cogitare
1890 2723 1961 2774 et
2006 2711 2204 2785 velle,
2254 2712 2349 2774 ita
2396 2729 2531 2773 non
2578 2719 2817 2790 posset

581 2803 894 2887 conjungi
929 2805 1080 2870 Deo
1112 2826 1230 2887 per
1260 2805 1464 2870 fidem
1495 2817 1566 2870 et
1602 2826 1721 2887 per
1756 2825 2078 2881 amorem,
2120 2825 2199 2870 ac
2236 2806 2459 2868 vivere
2489 2805 2554 2867 in
2593 2813 2818 2866 aeter-

579 2919 757 2962 num.
847 2899 1242 2965 Differentia
1271 2901 1447 2964 inter
1478 2900 1797 2963 animalia
1826 2909 1897 2962 et
1930 2901 2108 2964 inter
2133 2899 2441 2963 homines
2472 2908 2602 2971 est,
2630 2897 2817 2979 quod

579 2992 894 3056 animalia
955 3013 1090 3057 non
1137 2995 1398 3074 possint
1443 2995 1749 3075 cogitare
1800 3005 1873 3058 et
1923 2993 2105 3076 loqui
2150 3014 2330 3068 vera,
2378 3011 2457 3054 ac
2504 2991 2683 3054 velle
2744 3000 2821 3056 et

576 3087 794 3152 facere
818 3087 1000 3151 bona
1029 3107 1070 3150 a
1102 3087 1253 3151 Deo
1281 3109 1296 3164 ;
1343 3098 1418 3151 at
1442 3088 1622 3171 quod
1648 3088 1956 3152 homines
1989 3088 2271 3168 possint,
2300 3105 2377 3150 ac
2410 3087 2507 3148 ita
2537 3085 2821 3148 credere

576 3181 692 3244 illa
727 3200 897 3263 quae
934 3183 1268 3262 cogitant,
1308 3190 1381 3245 et
1417 3201 1647 3245 amare
1690 3179 1806 3244 illa
1842 3201 2013 3264 quae
2048 3180 2311 3254 volunt,
2352 3190 2423 3243 et
2468 3179 2599 3242 hoc
2638 3179 2817 3244 sicut

575 3296 617 3338 a
653 3295 766 3354 se;
811 3276 868 3338 si
905 3295 1042 3339 non
1073 3277 1248 3339 sicut
1285 3295 1375 3340 ex
1409 3297 1504 3352 se,
1538 3276 1831 3339 influxus
1863 3285 1933 3340 et
1972 3277 2278 3356 operatio
2312 3275 2555 3337 Divina
2588 3283 2819 3338 trans·

578 3369 834 3446 flueret,
857 3380 930 3434 et
953 3389 1089 3433 non
1109 3371 1539 3452 reciperetur,
1560 3371 1733 3434 foret
1756 3371 1964 3434 homo
1984 3372 2156 3434 sicut
2177 3390 2297 3433 vas
2317 3370 2567 3450 absque
2582 3368 2818 3444 funde,

575 3464 758 3546 quod
795 3464 960 3528 nihil
996 3484 1210 3546 aquae
1255 3466 1530 3545 recipit:
1581 3465 1917 3546 cogitatio
1953 3464 2245 3528 hominis
2270 3472 2376 3526 est
2413 3472 2821 3543 receptacu-

576 3556 715 3622 lum
760 3559 920 3633 veri,
962 3567 1033 3621 et
1080 3556 1398 3622 voluntas
1435 3558 1941 3639 receptaculum
1989 3558 2169 3632 boni,
2210 3567 2280 3622 et
2327 3559 2631 3637 receptio
2680 3577 2823 3622 non

575 3651 776 3716 datur
810 3653 936 3714 nisi
967 3653 1242 3716 conscio
1277 3650 1590 3729 homine;
1640 3663 1710 3715 et
1748 3653 1804 3714 si
1842 3671 1977 3714 non
2011 3653 2332 3732 receptio,
2370 3671 2504 3714 non
2536 3651 2823 3715 daretur

575 3746 1014 3826 reciprocum,
1049 3744 1228 3828 quod
1266 3745 1428 3808 facit
1465 3754 1538 3808 ut
1577 3746 1665 3808 sit
1702 3746 1891 3827 quasi
1930 3745 2219 3808 hominis
2256 3745 2437 3828 quod
2486 3745 2617 3808 Dei
2664 3755 2819 3810 est:

575 3859 776 3904 omne
813 3859 1028 3921 agens
1064 3839 1246 3921 quod
1285 3837 1432 3902 vult
1469 3859 1542 3904 se
1579 3859 1733 3903 cum
1772 3839 1905 3903 alio
1950 3839 2381 3920 conjungere,
2422 3841 2821 3903 necessario

575 3934 853 3998 habebit
877 3933 1149 4016 aliquod
1177 3934 1349 3996 sicut
1378 3931 1520 4014 ejus
1545 3952 1699 3996 cum
1724 3953 1859 4017 quo
1883 3955 1956 3998 se
1988 3934 2363 4015 conjungit,
2392 3932 2645 4014 alioqui
2678 3951 2819 3998 non

577 4030 776 4092 datur
799 4047 1127 4109 reagens;
1165 4038 1236 4092 et
1275 4027 1386 4090 ubi
1419 4047 1554 4090 non
1585 4025 1767 4092 actio
1801 4039 1872 4091 et
1910 4028 2107 4090 simul
2132 4025 2405 4102 reactiO,
2441 4047 2574 4090 non
2616 4029 2825 4092 datur

578 4120 998 4203 conjunctio:
1045 4121 1160 4184 illa
1205 4122 1385 4203 apud
1421 4121 1787 4196 hominem,
1828 4141 1980 4186 cum
2026 4122 2265 4204 quibus
2306 4121 2510 4196 DeuS,
2552 4123 2671 4202 qui
2711 4134 2822 4187 est

579 4215 764 4280 solus
789 4215 1052 4298 AgenS,
1075 4214 1162 4278 Se
1187 4215 1558 4296 conjungit,
1585 4227 1745 4280 sunt
1772 4213 2158 4280 intellectus
2182 4226 2253 4279 et
2277 4216 2641 4293 voluntas;
2690 4217 2821 4282 hae

573 4308 934 4372 facultates
969 4317 1127 4372 sunt
1164 4308 1494 4386 hominis;
1542 4329 1715 4391 quae
1754 4328 1904 4372 cum
1944 4319 2181 4390 agunt,
2222 4310 2501 4372 tametsi
2545 4329 2586 4371 a
2636 4309 2817 4386 Deo,

575 4421 712 4466 non
743 4413 1028 4484 possunt
1059 4403 1254 4467 aliter
1275 4421 1478 4484 agere
1511 4423 1715 4486 quam
1752 4403 1925 4466 sicut
1958 4423 1998 4466 a
2028 4423 2139 4466 se:
2188 4403 2343 4466 inde
2376 4422 2551 4466 nunc
2584 4405 2819 4486 sequi-

575 4506 704 4572 tur,
739 4496 918 4579 quod
950 4517 1110 4560 vera
1140 4507 1211 4560 et
1243 4497 1442 4572 bona,
1469 4517 1643 4579 quae
1676 4518 1811 4561 non
1844 4499 1939 4561 ita
1969 4496 2159 4572 fiunt,
2196 4517 2331 4561 non
2365 4499 2500 4560 sint
2535 4496 2819 4580 aliquid.

577 4588 713 4656 Sed
763 4592 932 4656 haec
987 4591 1326 4656 illustrent
1382 4592 1721 4674 exempla.
1828 4591 2229 4656 Mandatum
2290 4601 2393 4656 est
2452 4593 2521 4654 in
2574 4591 2820 4658 Verbo
