3259 5384
365 649 535 717 2274
981 643 1482 695 APOCALYPSIS
1527 641 1976 694 EXPLICATA.

363 819 454 881 sit*
483 817 668 882 salsis
699 816 787 880 ab
817 815 1076 880 inferno
1104 815 1330 879 imbui.
1421 813 1643 880 Causa
1666 814 1849 898 quod
1879 812 1950 876 hi
1986 811 2373 878 imbuantur
2404 810 2597 876 salsis

363 933 451 975 ex
491 913 770 985 inferno,
812 922 920 975 est
966 912 1122 993 quia
1166 909 1429 974 caelum
1477 910 1602 972 sibi
1648 929 1767 991 per
1811 907 1981 971 salsa
2022 907 2479 980 occluserunt,
2521 918 2595 970 et

363 1008 636 1088 quando
672 1005 936 1070 caelum
981 1003 1180 1067 alicui
1225 1013 1332 1066 est
1378 1003 1747 1078 occlusum,
1788 1012 1951 1066 tunc
1997 1001 2329 1065 infernum
2374 1001 2436 1064 ei
2482 1011 2597 1064 est

362 1111 714 1182 apertum:
778 1100 986 1163 homo
1031 1099 1211 1161 enim
1258 1099 1398 1161 sive
1451 1099 1517 1160 in
1563 1097 1761 1162 caelo
1804 1097 1947 1160 sive
1999 1097 2067 1159 in
2112 1095 2376 1159 inferno
2419 1095 2593 1170 erit3

363 1213 500 1257 non
547 1205 780 1276 potest
825 1214 976 1257 esse
1028 1196 1206 1256 inter
1251 1204 1649 1274 utrumque;
1709 1191 1870 1255 inde
1922 1209 2075 1254 cum
2130 1191 2279 1272 quis
2324 1189 2595 1252 caelum

365 1289 490 1353 sibi
537 1289 807 1364 clausit,
853 1287 1183 1352 infernum
1231 1289 1356 1351 sibi
1401 1289 1643 1370 aperit,
1690 1294 1762 1350 et
1816 1306 1907 1350 ex
1959 1285 2219 1348 inferno
2272 1303 2412 1347 non
2466 1283 2595 1346 nisi

363 1403 565 1465 quam
624 1381 794 1446 salsa
853 1381 1013 1444 mali
1065 1393 1488 1462 exsurgunt;
1556 1381 1725 1444 haec
1788 1390 1949 1443 tunc
2010 1379 2321 1442 imbuunt
2374 1377 2593 1440 illum.

365 1475 498 1540 Sed
538 1495 673 1539 non
713 1475 846 1538 alia
882 1474 1052 1539 falsa
1081 1475 1406 1538 claudunt
1441 1475 1704 1538 caelum
1736 1493 1939 1556 quam
1970 1473 2141 1538 salsa
2170 1471 2369 1537 mali:
2418 1471 2595 1534 dan·

363 1581 472 1633 tur
508 1571 687 1634 enim
723 1569 894 1634 salsa
929 1569 1216 1651 plurium
1255 1589 1602 1652 generum,
1645 1588 1888 1650 nempe
1923 1567 2097 1631 falsa
2130 1567 2591 1648 ignorantiae,

362 1665 531 1728 falsa
574 1665 940 1746 religioniS,
980 1674 1050 1727 et
1097 1663 1266 1727 falsa
1309 1685 1400 1727 ex
1446 1684 1583 1727 non
1629 1659 1984 1727 intellecto
2022 1661 2300 1738 Verbo;
2353 1659 2594 1734 verb0,

361 1759 532 1822 falsa
577 1779 748 1840 quae
794 1759 1048 1822 ducunt
1095 1759 1184 1820 ad
1229 1760 1444 1821 vitam
1499 1759 1680 1834 mali,
1729 1767 1801 1820 et
1854 1777 2027 1839 quae
2073 1755 2454 1838 procedunt
2502 1774 2597 1818 ex

363 1856 508 1918 vita
545 1853 726 1928 mali,
759 1853 876 1917 illa
912 1855 1068 1935 quia
1103 1873 1194 1916 ex
1231 1853 1491 1917 inferno
1527 1862 1709 1928 sunt,
1742 1852 2070 1915 claudunt
2102 1850 2387 1914 caelum.
2479 1848 2597 1912 Ex

361 1949 467 2010 his
505 1956 698 2030 patet
737 1948 917 2030 quod
954 1945 1080 2010 “Si
1117 1948 1264 2030 quis
1302 1946 1666 2011 machaera
1697 1946 2043 2018 occiderit,
2078 1954 2399 2027 oporteat
2437 1962 2595 2007 eum

367 2042 730 2106 machaera
766 2041 1043 2116 occidi,”
1081 2040 1415 2122 significet
1454 2041 1635 2124 quod
1682 2041 1781 2105 illi
1826 2041 1936 2124 qui
1982 2040 2167 2104 falsis
2204 2041 2595 2103 imbuerunt

365 2137 556 2210 alios,
596 2137 780 2200 salsis
817 2157 906 2200 ex
946 2136 1204 2200 inferno
1241 2137 1647 2200 imbuantur.
1738 2135 1973 2200 Simile
2015 2156 2135 2219 per
2177 2136 2295 2200 illa
2331 2134 2595 2218 signifi-

362 2243 557 2294 catur
593 2251 763 2314 quae
801 2231 1135 2294 Dominus
1171 2231 1350 2294 dixit
1387 2231 1475 2294 ad
1515 2231 1811 2306 Petrum,

461 2389 492 2412 ‘⁸
505 2387 710 2438 Omnes
733 2387 1063 2515 ‘ac-‘’cipientes
1097 2389 1166 2438 ad
1200 2388 1453 2452 gladium,
1489 2403 1584 2454 per
1617 2389 1855 2452 gladium
1890 2388 2063 2452 perire
2096 2387 2297 2438 debent
2310 2387 2339 2409 ”
2371 2387 2594 2452 (Matth-

621 2468 763 2504 xxvn.
822 2466 851 2502 2
884 2471 897 2505 τ

363 2599 531 2663 haec
558 2597 741 2663 dicta
765 2609 921 2664 sunt
953 2601 1039 2665 ad
1075 2600 1369 2677 Petrum,
1397 2601 1552 2684 quia
1583 2620 1703 2683 per
1726 2601 1917 2665 illum
1948 2599 2595 2683 repraesentabatur

361 2713 593 2757 verum
626 2693 801 2769 fidei,
835 2705 906 2758 et
945 2715 1210 2777 quoque
1241 2694 1482 2758 falsum
1515 2693 1711 2772 fidei;
1758 2715 1965 2778 quare
2000 2693 2179 2779 [per]
2218 2695 2595 2776 “accipere

363 2788 664 2868 gladium
697 2797 767 2852 et
806 2789 1020 2870 perire
1057 2809 1176 2870 per
1205 2788 1442 2852 illum”
1473 2789 1980 2871 significabatur
2009 2790 2308 2871 recipere
2344 2788 2591 2852 falsum

363 2881 536 2953 fidei,
565 2892 636 2944 et
667 2883 881 2963 perire
913 2901 1031 2963 per
1055 2883 1239 2946 illud.
1332 2881 1533 2964 Quod
1568 2882 1665 2946 illi
1695 2885 1804 2966 qui
1830 2904 1950 2967 per
1974 2883 2150 2947 hanc
2182 2889 2221 2916 ‘⁴
2244 2883 2543 2946 bestiam
2559 2883 2591 2908 '⁸

361 2975 844 3056 significantur,
885 2976 996 3057 qui
1041 2985 1198 3039 sunt
1236 2978 1346 3059 qui
1393 2997 1512 3059 per
1548 2979 1903 3041 ratiocinia
1939 2975 2345 3042 confirmant
2384 2997 2591 3059 sepa-

361 3071 695 3133 rationem
727 3067 882 3131 fidei
917 3089 958 3131 a
994 3069 1156 3142 vita,
1196 3077 1234 3101 ‘⁶
1255 3071 1614 3134 machaera
1646 3070 2025 3146 occidant‚”
2056 3081 2130 3135 et
2166 3070 2593 3134 “machaera

361 3162 816 3238 occidantur,”
853 3162 982 3226 hoc
1023 3172 1151 3238 est,
1191 3163 1364 3226 alios
1399 3164 1585 3228 falsis
1622 3165 1954 3240 imbuant,
1994 3185 2075 3229 ac
2112 3167 2239 3248 ipsi
2275 3164 2461 3230 salsis
2492 3187 2590 3230 ex

363 3257 618 3320 inferno
655 3256 1062 3332 imbuantur,
1103 3267 1210 3322 est
1256 3259 1412 3340 quia
1455 3259 1711 3340 dogma
1756 3261 1843 3323 de
1888 3259 2037 3323 sola
2082 3259 2213 3324 fide
2254 3260 2592 3324 excludat

363 3353 587 3415 omnia
621 3371 801 3422 vera,
842 3359 914 3414 et
949 3350 1205 3431 rejiciat
1244 3354 1472 3417 omnia
1509 3353 1707 3418 bona.
1800 3352 2002 3435 Quod
2050 3353 2197 3417 sola
2242 3354 2409 3418 fides
2454 3375 2589 3418 ex-

365 3446 590 3509 cludat
623 3446 850 3508 omnia
880 3464 1062 3520 vera,
1096 3455 1202 3510 est
1241 3448 1397 3528 quia
1427 3457 1741 3510 statuunt
1774 3449 1954 3530 quod
1993 3468 2113 3532 per
2143 3449 2413 3513 unicum
2452 3449 2589 3515 hoc

365 3540 716 3614 salvemur,
759 3537 1018 3620 “Quod
1067 3539 1398 3604 Dominus
1436 3560 1675 3623 passus
1712 3542 1800 3605 sit
1852 3561 2125 3606 crucem
2170 3564 2293 3626 pro
2331 3547 2591 3608 nostris

365 3635 680 3716 peccatiS,
720 3641 790 3696 et
839 3652 957 3714 per
1001 3633 1066 3696 id
1107 3633 1455 3699 sustulerit
1493 3636 2007 3700 damnationem
2047 3636 2239 3719 legiS,
2280 3647 2352 3702 et
2398 3641 2588 3722 quod

367 3731 450 3792 sic
490 3749 614 3792 nos
649 3727 1012 3792 redemerit
1037 3727 1089 3806 ;”
1135 3738 1205 3792 et
1237 3730 1394 3811 quia
1423 3730 1663 3794 volunt
1696 3732 1878 3814 quod
1911 3732 2042 3797 hoc
2074 3735 2364 3809 unicum,
2399 3737 2589 3818 quod

367 3833 608 3886 vocant
641 3823 855 3904 ipsam
880 3821 1104 3896 fidem,
1131 3823 1376 3900 salvet,
1404 3844 1541 3888 non
1572 3824 1868 3908 aliquam
1902 3846 2179 3909 operam
2204 3828 2375 3892 dant
2406 3831 2591 3893 veris

367 3916 828 3993 addiscendis3
883 3934 1036 3980 cum
1074 3925 1306 3981 tamen
1344 3938 1504 3982 vera
1541 3929 1700 3982 sunt
1738 3940 1910 4003 quae
1947 3921 2200 3986 docent
2237 3923 2591 4004 quomodo

369 4011 720 4074 vivendum
775 4020 904 4084 est,
951 4030 1124 4093 quae
1175 4020 1410 4076 tamen
1455 4012 1857 4096 multiplicia
1908 4025 2088 4079 sunt.
2178 4014 2381 4097 Quod
2436 4017 2591 4082 sola

369 4105 522 4168 ides
567 4104 823 4186 rejiciat
871 4105 1073 4180 bona,
1113 4107 1413 4188 sequitur
1457 4128 1548 4171 ex
1594 4108 1745 4190 ipso
1789 4109 2139 4190 dogmate,
2185 4111 2369 4194 quod
2414 4111 2589 4178 fides

371 4201 610 4282 ibsque
656 4199 850 4262 bonis
897 4201 1211 4281 operibus
1242 4199 1605 4282 justificet;
1660 4203 1761 4266 ita
1803 4204 1949 4286 ipsa
1994 4204 2174 4268 bona
2218 4207 2475 4270 amoris
2522 4208 2589 4272 in

371 4294 604 4368 Deum,
644 4302 714 4357 et
752 4293 934 4356 bona
969 4293 1324 4358 charitatis
1361 4315 1526 4377 erga
1563 4298 1947 4379 proximum
1986 4298 2182 4362 nauci
2218 4299 2505 4365 faciunt.

475 4391 667 4473 813·
722 4391 872 4452 “Hie
899 4397 1003 4454 ost
1022 4393 1320 4472 patientia
1353 4400 1421 4457 ot
1444 4394 1594 4457 fidos
1620 4395 2329 4478 unctorum.''—Quod
2364 4399 2589 4480 signi·

373 4481 513 4546 icet
559 4483 741 4565 quod
781 4483 940 4546 haec
981 4485 1122 4548 sint
1158 4495 1290 4566 per
1329 4507 1496 4568 quae
1537 4487 1812 4551 tentatt‘o
1851 4497 1918 4552 et
1964 4485 2115 4552 dein
2158 4488 2591 4570 implantatio

373 4576 504 4640 veri
529 4598 616 4640 ex
643 4577 803 4641 bono
831 4579 1021 4660 apud
1042 4578 1193 4642 illos
1223 4579 1345 4662 qui
1367 4581 1763 4662 spirituales
1779 4581 1967 4666 fiunt
1998 4603 2045 4648 a
2076 4582 2379 4662 Domino,
2414 4605 2589 4652 con·
