3259 5384
625 647 792 714 1930
1242 644 1744 698 APOCALYPSIS
1790 645 2243 697 EXPLICATA.

619 825 694 878 ut
731 813 893 879 Sole
926 822 1108 891 sunt,
1141 823 1248 878 est
1279 815 1454 878 sicut
1493 814 1613 878 lux
1653 815 1822 879 diei:
1867 816 2087 898 qualis
2116 813 2497 879 differentia
2532 823 2659 890 est,
2696 835 2860 880 con-

617 919 802 972 stare
840 917 1072 991 potest
1110 929 1202 972 ex
1241 907 1620 973 differentia
1656 907 1983 972 luminum
2022 908 2185 972 solis
2221 910 2515 973 interdiu
2551 919 2623 972 et
2662 910 2863 974 lunae

619 1000 848 1066 noctu.
936 1002 1126 1067 Talis
1158 1003 1366 1066 etiam
1403 1012 1510 1066 est
1547 1000 1980 1068 1⁸¹differentia
2010 1013 2086 1067 ut
2122 1002 2217 1066 illi
2254 1007 2367 1087 qui
2402 1005 2529 1069 sub
2567 1005 2863 1069 Domino

619 1106 697 1160 ut
743 1096 940 1160 Luna
983 1105 1144 1160 sunt
1181 1095 1346 1160 nihil
1381 1096 1612 1161 videre
1650 1097 1915 1178 possint
1953 1099 2019 1159 in
2068 1097 2218 1160 luce
2262 1097 2533 1162 illorum
2579 1099 2693 1181 qui
2739 1097 2863 1162 sub

619 1190 922 1255 Domino
965 1200 1042 1255 ut
1088 1189 1250 1254 Sole
1295 1200 1477 1267 sunt,
1525 1212 1618 1255 ex
1665 1211 1869 1254 causa
1913 1193 2069 1274 quia
2120 1191 2299 1274 apud
2354 1191 2510 1256 illos
2562 1212 2700 1256 non
2755 1203 2859 1256 est

616 1286 737 1350 lux
793 1287 1110 1368 genuina,
1157 1285 1281 1349 sed
1333 1284 1455 1349 lux
1506 1285 1785 1361 reflexa,
1832 1304 2007 1367 quae
2052 1295 2285 1366 potest
2330 1287 2627 1368 recipere
2672 1286 2859 1361 salsa,

618 1379 827 1443 modo
871 1381 940 1442 in
983 1379 1118 1444 illis
1161 1389 1490 1462 appareat
1535 1379 1813 1454 bonum,
1862 1399 2076 1462 aeque
2129 1399 2209 1442 ac
2252 1401 2433 1444 vera.
2524 1379 2861 1462 Quoniam

618 1473 715 1537 illi
747 1474 860 1557 qui
890 1475 956 1536 in
990 1473 1196 1537 caelis
1229 1472 1355 1537 sub
1387 1473 1689 1538 Domino
1719 1483 1793 1536 ut
1828 1473 2025 1536 Luna
2056 1484 2214 1537 sunt
2246 1494 2485 1538 omnes
2518 1474 2861 1538 naturales

615 1578 687 1632 et
735 1568 1082 1631 sensuales
1129 1577 1310 1642 sunt,
1359 1579 1430 1630 et
1477 1587 1615 1630 non
1664 1587 2025 1631 commune
2070 1567 2327 1632 habent
2374 1588 2527 1632 cum
2574 1569 2705 1632 illis
2749 1571 2861 1652 qui

615 1665 681 1726 in
722 1663 928 1727 caelis
972 1663 1099 1728 sub
1136 1663 1438 1726 Domino
1475 1673 1551 1726 ut
1596 1661 1759 1726 Sole
1796 1673 1977 1738 sunt,
2018 1673 2090 1726 et
2127 1683 2394 1746 quoque
2432 1663 2527 1726 illi
2573 1665 2641 1727 in
2678 1663 2860 1726 falsis

613 1767 772 1821 sunt
833 1759 900 1820 in
961 1757 1202 1840 quibus
1263 1767 1497 1820 tamen
1551 1755 1826 1831 bonum,
1882 1756 2041 1820 inde
2094 1759 2237 1820 visa
2296 1768 2402 1821 est
2460 1758 2677 1822 “luna
2735 1758 2863 1822 sub

613 1853 900 1936 pedibus
952 1851 1305 1927 mulieriS,”
1359 1860 1431 1915 et
1492 1871 1612 1932 per
1670 1850 1738 1914 id
1790 1851 2198 1933 intelligitur
2246 1851 2414 1915 fides
2474 1853 2654 1934 apud
2706 1853 2861 1916 illos

615 1949 728 2030 qui
762 1946 1104 2011 naturales
1141 1955 1321 2010 sunt.
1414 1944 1606 2009 Haec
1646 1946 1733 2008 de
1779 1944 1912 2008 fide
1957 1947 2137 2027 apud
2185 1945 2337 2010 illos
2380 1949 2493 2029 qui
2538 1948 2665 2011 sub
2711 1948 2853 2010 Do-

612 2043 800 2105 mino
830 2052 905 2105 ut
937 2041 1133 2106 Luna
1164 2042 1230 2103 in
1267 2039 1459 2103 caelo
1491 2050 1651 2103 sunt
1677 2061 1693 2118 ;
1742 2041 1973 2121 paucis
2004 2041 2213 2103 etiam
2244 2042 2511 2105 dicetur
2540 2042 2626 2105 de
2658 2042 2858 2106 affec·

611 2136 802 2199 tione
838 2135 1129 2210 illorum,
1169 2156 1260 2198 ex
1306 2155 1440 2216 qua
1476 2133 1645 2197 fides
1682 2135 1895 2197 vitam
1933 2135 2159 2198 trahit.
2250 2134 2547 2201 Affectio
2591 2137 2858 2200 illorum

615 2231 873 2293 sciendi
911 2248 1144 2294 verum
1189 2239 1260 2293 et
1306 2228 1594 2292 faciendi
1632 2228 1887 2292 bonum
1932 2240 2040 2293 est
2086 2231 2259 2292 sicut
2306 2231 2452 2314 ipsi,
2491 2231 2855 2310 naturalis;

610 2324 892 2388 trahens
943 2326 1039 2388 sic
1093 2323 1246 2406 plus
1305 2333 1423 2386 aut
1477 2325 1699 2386 minus
1757 2343 1846 2386 ex
1900 2323 2119 2405 gloria
2170 2323 2586 2400 eruditionis,
2642 2335 2712 2390 et
2764 2346 2854 2388 ex

607 2417 788 2482 sama
819 2415 1174 2501 spectante
1205 2417 1500 2480 honores
1534 2427 1607 2480 et
1640 2417 1827 2480 lucra
1858 2428 1945 2481 ut·
1964 2419 2283 2498 praemia,
2318 2418 2515 2482 aliter
2544 2439 2622 2482 ac
2654 2418 2854 2482 affec·

609 2513 710 2576 tio
745 2512 1108 2594 spiritualis
1153 2512 1409 2576 sciendi
1446 2531 1681 2575 verum
1726 2522 1798 2575 et
1836 2511 2125 2575 faciendi
2170 2511 2447 2588 bonum,
2487 2512 2704 2595 qualis
2748 2524 2855 2578 est

610 2607 789 2689 apud
835 2607 990 2670 illos
1043 2606 1154 2689 qui
1209 2606 1335 2669 sub
1382 2605 1683 2669 Domino
1730 2616 1804 2669 ut
1852 2604 2012 2670 Sole
2058 2608 2125 2670 in
2182 2607 2374 2671 caelo
2426 2617 2625 2686 sunt3
2687 2608 2854 2673 haec

613 2699 880 2766 affectio
917 2701 1095 2782 apud
1133 2700 1259 2763 hos
1296 2709 1613 2782 separata
1649 2709 1758 2764 est
1795 2700 1883 2763 ab
1914 2699 2269 2766 affectione
2302 2702 2613 2778 naturali,
2647 2703 2744 2766 ita
2778 2715 2854 2767 ut

611 2795 782 2860 haec
830 2797 918 2860 sit
965 2796 1092 2859 sub
1137 2795 1462 2877 pedibus;
1517 2795 1676 2858 inde
1720 2815 1990 2877 quoque
2035 2807 2163 2873 est,
2200 2795 2386 2879 quod
2425 2795 2701 2873 “luna,”
2737 2816 2856 2879 per

610 2910 814 2972 quam
860 2910 997 2954 non
1043 2889 1264 2954 solum
1302 2887 1468 2951 fides
1513 2888 1637 2952 sed
1683 2890 1891 2953 etiam
1928 2888 2194 2955 affectio
2236 2889 2378 2973 ejus
2414 2890 2850 2972 significatur,

608 2982 718 3046 hic
762 2983 910 3045 visa
953 2983 1043 3046 sit
1091 2981 1274 3045 “sub
1317 2979 1670 3062 pedibus.”
1754 2997 1873 3055 (Sed
1888 2997 2079 3057 plenior
2098 2997 2209 3044 idea
2228 2999 2291 3044 de
2316 2998 2390 3044 his
2410 2999 2677 3057 compara-1
2696 3007 2856 3058 potat

605 3086 668 3119 ex
695 3074 932 3131 iuisquae
961 3073 1012 3119 in
1041 3085 1188 3132 opere
1219 3073 1298 3118 De
1323 3073 1464 3120 Caelo
1481 3078 1530 3118 et
1547 3073 1744 3133 Mer-no
1764 3072 1893 3119 dicta
1921 3081 1971 3119 et
1999 3080 2193 3120 ostensa
2218 3081 2355 3120 sunt:
2386 3081 2443 3120 ut
2470 3073 2621 3132 Quod
2650 3073 2853 3122 Caelum

605 3144 881 3190 distinctum
904 3143 965 3190 sit
984 3144 1034 3189 in
1055 3144 1155 3189 duo
1179 3144 1365 3202 Regna,
1387 3158 1437 3192 n.
1460 3146 1639 3198 20-283
1674 3143 1751 3188 De
1772 3142 1886 3190 Sole
1906 3151 1955 3189 et
1977 3144 2039 3189 de
2062 3144 2205 3190 Luna
2222 3145 2273 3190 in
2294 3145 2463 3197 Caelo,
2484 3152 2531 3190 et
2554 3145 2631 3191 De
2653 3145 2785 3190 Luce
2805 3153 2855 3191 et

605 3214 782 3262 Calore
810 3214 860 3259 in
892 3213 1065 3267 Caelis.
1089 3227 1137 3260 n.
1162 3214 1397 3272 116-14o;
1437 3213 1514 3259 De
1535 3213 1974 3272 Correspondentia
1994 3213 2130 3261 Caeli
2150 3227 2261 3260 cum
2282 3215 2507 3260 omnibus
2541 3215 2781 3269 Hominis,
2803 3229 2852 3263 n.

606 3285 843 3346 [⁹187-1oa
857 3302 870 3342 ς
900 3295 948 3334 et
965 3288 1016 3334 in
1035 3288 1270 3334 Doctrina
1284 3289 1450 3334 Novae
1463 3289 1819 3347 Hierosolyma
1833 3289 1895 3334 de
1912 3289 2003 3334 illis
2020 3289 2105 3347 qui
2121 3290 2171 3334 in
2185 3289 2313 3335 salsis
2325 3295 2437 3335 sunt
2452 3303 2511 3334 ex
2524 3289 2673 3343 bono,
2688 3302 2736 3336 n.
2750 3291 2849 3350 οι.)

607 3363 811 3446 Quod
853 3364 1012 3428 “sol
1031 3363 1062 3390 '⁹
1091 3364 1430 3445 significet
1470 3365 1841 3428 Dominum
1878 3365 2103 3447 quoad
2142 3366 2460 3429 Divinum
2494 3365 2846 3441 Amorem,

604 3470 675 3522 et
715 3459 873 3522 inde
912 3457 1242 3521 Amorem
1289 3459 1356 3522 in
1395 3459 1765 3523 Dominum
1811 3479 1851 3521 a
1898 3458 2216 3536 Domino,
2256 3469 2327 3523 et
2364 3459 2546 3542 quod
2589 3460 2803 3522 “luna
2820 3459 2851 3485 ”

602 3569 842 3612 verum
878 3548 1058 3623 fidei,
1085 3550 1405 3613 videatur
1440 3571 1647 3634 supra
1682 3566 1753 3625 (n.
1773 3567 1967 3629 401):
2014 3569 2093 3614 ac
2125 3560 2488 3632 praeterea
2518 3551 2606 3615 de
2636 3551 2849 3615 caelis

603 3643 716 3724 qui
737 3641 862 3704 sub
883 3641 1182 3704 Domino
1202 3652 1278 3705 ut
1299 3641 1481 3719 Sole,
1504 3653 1574 3706 et
1599 3643 1687 3706 de
1708 3641 1913 3706 caelis
1934 3645 2045 3725 qui
2070 3643 2197 3706 sub
2217 3643 2513 3708 Domino
2534 3654 2607 3706 ut
2630 3643 2844 3716 Luna,

603 3735 814 3796 etiam
865 3753 1071 3815 supra
1121 3749 1692 3812 (n.411[e],422[a].
1726 3748 1893 3814 527).
1982 3733 2247 3815 Quibus
2296 3735 2690 3798 addendum
2736 3745 2846 3798 est

602 3824 785 3907 quod
805 3824 902 3888 illi
923 3825 1095 3889 caeli
1113 3826 1224 3907 qui
1250 3826 1376 3889 sub
1397 3826 1697 3890 Domino
1718 3836 1791 3889 ut
1818 3826 2013 3889 Luna
2030 3837 2211 3902 sunt,
2236 3828 2371 3891 sint
2391 3847 2657 3910 quoque
2683 3838 2843 3901 treS,

603 3920 1001 4001 superiores,
1050 3920 1254 3982 medii
1299 3929 1371 3984 et
1418 3920 1783 3996 inferiores,
1822 3941 1943 3984 seu
1988 3920 2171 4003 quod
2215 3921 2420 3996 idem,
2468 3922 2843 3996 interioreS,

601 4015 804 4077 medii
836 4023 908 4078 et
932 4015 1308 4077 exteriores
1331 4035 1348 4094 3
1386 4015 1508 4078 sed
1540 4035 1751 4097 usque
1776 4035 2013 4078 omnes
2043 4017 2110 4078 in
2143 4016 2246 4079 his
2270 4017 2477 4080 caelis
2500 4015 2847 4080 naturales

601 4117 780 4172 sunt.
842 4107 1063 4172 Causa
1082 4109 1262 4190 quod
1284 4111 1659 4186 interiores,
1680 4111 1882 4174 medii
1900 4120 1973 4174 et
1992 4112 2369 4175 exteriores
2388 4113 2545 4185 sint,
2564 4121 2671 4174 est
2690 4111 2848 4192 quia

601 4203 908 4266 naturale
940 4203 1383 4284 distinguitur
1411 4205 1478 4266 in
1517 4214 1659 4269 tres
1689 4205 1962 4286 gradus,
1998 4205 2305 4270 similiter
2341 4225 2419 4270 ac
2452 4205 2842 4286 spirituale3

600 4299 904 4361 exterius
951 4297 1257 4361 naturale
1310 4299 1771 4362 communicat
1826 4317 1980 4362 cum
2033 4300 2309 4374 mundo,
2357 4299 2637 4364 interius
2688 4319 2842 4363 cum

600 4391 816 4467 cae10,
865 4411 944 4454 ac
991 4392 1287 4455 medium
1334 4391 1728 4475 conjungit3
1789 4392 1910 4455 sed
1958 4414 2168 4476 usque
2212 4393 2309 4458 illi
2354 4395 2467 4476 qui
2519 4395 2590 4457 in
2634 4393 2843 4458 caelis

599 4485 725 4549 sub
763 4485 1060 4549 Domino
1099 4496 1180 4549 ut
1227 4485 1420 4550 Luna
1466 4497 1646 4563 sunt,
1688 4507 1824 4551 non
1872 4499 2157 4568 possunt
2202 4489 2455 4551 intrare
2498 4489 2567 4550 in
2612 4487 2842 4552 caelos

598 4581 711 4666 qui
763 4579 888 4644 sub
935 4580 1234 4645 Domino
1279 4589 1354 4646 ut
1407 4579 1567 4646 Sole
1621 4592 1799 4660 sunt,
1849 4583 2005 4667 quia
2047 4583 2230 4646 visus
2282 4601 2516 4646 eorum
2563 4583 2843 4647 interior
