3259 5384
1019 680 1181 732 CAP.
1215 681 1366 743 x11.,
1400 679 1608 731 vens.
1639 679 1861 747 4.-Ν,
1893 665 2144 750 721[b].
2533 667 2691 749 1983

729 848 906 898 medio
945 848 1150 898 dierum
1193 863 1411 898 suorum
1453 849 1653 899 deserit
1692 848 1846 908 ἤια..
1872 857 1927 898 et
1965 848 2021 898 in
2062 848 2429 912 postremitate
2469 861 2569 898 sua
2607 847 2698 898 fiet

729 912 966 963 stultus”
988 913 1133 976 (xvii.
1162 914 1268 976 11):

477 1063 592 1125 per
639 1044 1082 1124 “perdicem’'
1127 1044 1596 1126 intelliguntur
1640 1045 1753 1127 qui
1804 1044 1996 1126 plura
2046 1064 2138 1107 ex
2184 1043 2418 1107 Verbo
2474 1051 2547 1106 et
2604 1063 2695 1106 ex

475 1135 792 1201 doctrinis
847 1138 1174 1202 ecclesiae
1227 1139 1515 1213 discunt,
1565 1139 1685 1202 sed
1740 1159 1875 1202 non
1921 1147 2207 1220 propter
2260 1157 2417 1200 usus
2468 1139 2693 1214 vitae3

477 1237 769 1312 “parere
788 1231 818 1258 ''
853 1242 960 1296 est
997 1253 1152 1296 usus
1196 1233 1436 1306 facere,
1478 1234 1574 1295 ita
1611 1233 1857 1306 vivere,
1898 1241 1969 1295 et
2016 1233 2108 1294 sic
2147 1232 2529 1294 reformari:
2578 1251 2696 1311 per

478 1326 800 1388 “divitias
815 1325 848 1351 ’⁸
875 1346 1042 1408 quas
1075 1347 1208 1389 non
1247 1346 1400 1389 cum
1430 1325 1681 1407 judicio
1716 1327 1895 1401 facit,
1930 1325 2392 1407 significantur
2422 1325 2693 1387 divitiae

473 1419 872 1499 spiritualeS,
919 1440 1092 1501 quae
1137 1429 1295 1482 sunt
1341 1421 1767 1500 cognitiones
1811 1420 1950 1482 veri
1995 1429 2064 1481 et
2110 1419 2313 1495 boni;
2376 1417 2525 1481 illas
2569 1417 2693 1480 sibi

473 1531 864 1592 comparare
903 1532 1039 1575 non
1075 1521 1351 1594 propter
1389 1533 1544 1575 usus
1581 1513 1761 1575 vitae
1800 1523 1904 1575 est
1940 1513 2217 1575 “facere
2254 1511 2519 1574 divitias
2558 1531 2693 1574 non

472 1624 623 1667 cum
657 1605 904 1685 judicio
924 1606 976 1668 :'’
1023 1607 1202 1688 quod
1236 1607 1665 1687 cognitiones
1697 1606 1874 1680 illae,
1911 1626 2080 1688 quae
2118 1625 2254 1667 non
2290 1602 2505 1668 factae
2537 1617 2692 1668 sunt

468 1699 670 1772 vitae,
729 1709 1030 1780 pereant,
1088 1699 1502 1780 significatur
1557 1720 1676 1781 per
1729 1699 1909 1781 quod
1972 1699 2095 1760 “in
2154 1698 2378 1761 medio
2436 1699 2693 1761 dierum

471 1811 740 1855 suorum
781 1793 1052 1856 deseret
1097 1792 1245 1855 illas
1269 1793 1320 1856 :”
1366 1794 1546 1875 quod
1593 1793 1874 1856 tandem
1919 1791 2049 1855 illis
2094 1812 2228 1855 non
2275 1793 2412 1855 sint
2456 1793 2691 1873 cogni·

469 1886 688 1947 tiones
711 1887 850 1948 veri
883 1887 1006 1948 nisi
1038 1885 1446 1960 falsificatae,
1477 1885 1889 1966 significatur
1920 1906 2039 1967 per
2061 1884 2242 1968 quod
2272 1887 2393 1947 “in
2426 1895 2691 1966 postre-

471 1978 707 2040 mitate
761 1998 882 2041 sua
933 1977 1049 2043 fiet
1106 1979 1450 2050 stultusss’,
1498 1978 1835 2060 Quoniam
1894 1978 2214 2042 “mater''
2266 1978 2693 2060 significabat

468 2070 846 2146 ecclesiam,
881 2092 958 2135 ac
996 2072 1164 2135 “filii
1201 2083 1272 2135 et
1309 2072 1482 2135 filiae
1503 2071 1532 2098 ”
1565 2093 1725 2135 vera
1761 2082 1831 2135 et
1869 2072 2049 2135 bona
2080 2069 2240 2153 ejuS,
2274 2083 2344 2134 et
2376 2073 2691 2155 quoniam

469 2165 536 2224 in
583 2163 910 2228 Ecclesiis
947 2165 1288 2248 Antiquis,
1335 2177 1406 2228 et
1453 2166 1606 2228 dein
1664 2167 1729 2228 in
1784 2165 2093 2228 Ecclesia
2135 2165 2411 2246 Judaica
2467 2166 2694 2228 omnia

469 2267 664 2319 erant
695 2261 1270 2338 repraesentativa
1300 2269 1370 2322 et
1404 2258 1560 2322 inde
1586 2257 2054 2340 significativa,
2082 2259 2236 2321 ideo
2260 2258 2691 2340 opprobrium

469 2361 539 2414 et
577 2351 944 2432 ignominia
980 2363 1125 2416 erat
1164 2351 1549 2415 mulieribus
1585 2352 1850 2415 steriles
1886 2371 2071 2416 esse:
2120 2373 2325 2435 quare

579 2483 774 2533 Rachel
801 2485 1103 2534 succensuit
1129 2484 1329 2549 Jacobo
1358 2485 1498 2547 quod
1530 2499 1639 2533 non
1670 2493 1895 2546 pareret,
1920 2493 1974 2534 et
1999 2483 2133 2533 dixit
2160 2498 2280 2532 cum
2308 2483 2515 2548 peperit
2541 2483 2693 2550 Jose·

727 2550 906 2611 phum,
931 2549 1206 2612 “Collegit
1232 2549 1378 2599 Deus
1401 2551 1749 2614 opprobrium
1776 2564 1953 2599 meum
1966 2548 1997 2569 '⁹
2019 2549 2163 2612 (Gen.
2188 2563 2309 2600 xxx.
2339 2562 2381 2608 1,
2407 2550 2517 2611 23):

474 2688 750 2760 propter
785 2679 1071 2743 eandem
1109 2700 1381 2744 causam

569 2809 858 2870 Elizabeth,
883 2821 1164 2875 postquam
1193 2814 1450 2875 concepit.
1480 2812 1628 2870 dixit,
1656 2813 1783 2862 “Sic
1810 2811 1936 2861 fecit
1965 2813 2093 2862 mihi
2124 2811 2388 2862 Dominus
2418 2813 2471 2862 in
2500 2813 2687 2862 diebus

725 2877 918 2940 quibus
941 2878 1176 2940 respexit
1197 2878 1266 2926 ad
1289 2877 1639 2926 auferendum
1666 2878 2019 2939 ignominiam
2042 2892 2217 2927 meam
2242 2879 2381 2927 inter
2399 2878 2645 2928 homines
2660 2877 2689 2896 ”

724 2941 868 3003 (Luc.
893 2942 925 2992 i.
951 2954 1029 3002 24,
1056 2941 1168 3004 25):

469 3072 622 3136 inde
665 3093 934 3154 quoque
977 3083 1169 3154 patet
1215 3074 1394 3155 quod
1437 3071 1881 3154 “parturire,’'
1920 3077 2214 3154 “parere
2231 3072 2262 3098 '’
2300 3083 2370 3137 et
2420 3078 2689 3154 “gene-

465 3165 658 3321 τέω-εἶ’
681 3166 1064 3247 significent
1096 3187 1445 3250 procreare
1478 3167 1644 3231 talia
1666 3188 1836 3249 quae
1868 3168 2193 3232 ecclesiae
2226 3179 2403 3232 sunt.
2477 3168 2686 3251 Apud

529 3279 767 3335 satam,

558 3391 716 3441 “Vae
739 3391 937 3442 dicenti
962 3392 1115 3455 patri,
1136 3391 1276 3456 Quid
1299 3397 1562 3454 generas?
1593 3401 1686 3442 aut
1711 3392 1935 3453 mulieri,
1956 3392 2095 3457 Quid
2120 3393 2349 3456 parturis
2362 3391 2414 3444 ἲ·
2430 3391 2556 3456 (xlv.
2574 3406 2638 3442 10
2653 3394 2689 3455 ς)

465 3533 632 3597 haec
665 3553 932 3617 quoque
963 3530 1144 3596 dicta
1180 3543 1337 3596 sunt
1372 3533 1458 3596 de
1495 3534 1971 3598 reformatione
2009 3535 2317 3607 homini5‚
2353 3535 2533 3616 quod
2569 3533 2687 3599 illa

465 3628 554 3690 sit
590 3646 633 3690 a
668 3626 986 3702 Domino,
1021 3636 1092 3690 et
1131 3647 1266 3690 non
1299 3627 1385 3690 ab
1421 3627 1715 3691 homine.
1802 3628 2009 3709 Apud
2049 3629 2359 3702 eundem,

571 3758 723 3810 Dixit
757 3773 854 3808 rex
891 3759 1128 3820 Hiskias,
1157 3773 1275 3809 cum
1304 3761 1506 3810 audivit
1533 3762 1697 3810 verba
1727 3760 2085 3820 Rabschakes,
2114 3763 2145 3785 ⁸⁶
2163 3761 2291 3810 Dies
2326 3763 2605 3824 angustiae
2633 3771 2687 3812 et

721 3825 1115 3888 objurgationis
1135 3834 1190 3874 et
1212 3826 1581 3885 contumeliae,
1601 3825 1716 3874 dies
1740 3827 1840 3883 hic,
1859 3835 1913 3875 et
1930 3836 2193 3876 venerunt
2212 3827 2306 3877 filii
2328 3828 2395 3876 ad
2419 3842 2482 3877 os
2506 3827 2689 3878 matri-

719 3890 814 3948 cis,
843 3905 942 3939 nec
966 3891 1109 3939 vires
1131 3890 1200 3939 ad
1223 3891 1536 3954 pariendum
1553 3889 1581 3911 '⁹
1605 3890 1821 3953 (xxxvii.
1848 3892 1926 3953 3):

460 4021 643 4103 quod
688 4021 1049 4084 audiantur
1091 4031 1163 4084 et
1209 4023 1507 4084 sciantur
1541 4042 1703 4085 vera
1746 4042 1837 4086 ex
1879 4022 2134 4098 Verbo,
2173 4033 2245 4087 et
2290 4033 2519 4088 tamen
2566 4044 2685 4106 per

459 4114 576 4177 illa
629 4134 767 4177 non
822 4114 940 4178 fiat
994 4115 1403 4190 reformatio,
1451 4114 1866 4195 significatur
1920 4136 2037 4196 per
2080 4117 2261 4200 quod
2316 4119 2681 4182 “venerint

459 4207 574 4271 filii
604 4207 692 4270 ad
726 4209 1099 4282 matricem,
1130 4227 1251 4271 nec
1277 4210 1450 4271 vires
1479 4209 1563 4271 ad
1596 4209 1992 4289 pariendum
2017 4208 2068 4287 ;”
2116 4216 2156 4243 ‘⁴
2175 4211 2451 4293 parere”
2474 4213 2681 4293 signi-

457 4302 614 4366 ficat
646 4300 1040 4365 fructificare
1078 4323 1238 4365 vera
1275 4323 1393 4384 per
1429 4303 1667 4378 facere,
1710 4303 1887 4367 unde
1924 4305 2348 4368 reformatio:
2397 4306 2577 4387 quod
2614 4306 2680 4369 id

459 4404 640 4460 esset
678 4394 876 4458 dolor
912 4396 1132 4459 cord-is
1167 4405 1238 4459 et
1275 4397 1498 4469 animi,
1534 4407 1604 4458 et
1641 4397 1823 4478 quod
1867 4397 2430 4462 contumeliosum
2466 4399 2683 4462 eccle·

461 4489 616 4574 siae,
675 4487 1093 4570 significatur
1149 4509 1268 4571 per
1327 4489 1564 4552 “diem
1624 4493 1999 4571 angustiae,
2060 4491 2546 4574 objurgationis
2609 4503 2683 4558 et

465 4581 971 4646 contumeliae.”
1057 4581 1264 4664 Apud
1301 4581 1724 4660 Ezechielem,
