3259 5384
975 669 1134 720 CAP.
1171 669 1322 732 κη,
1357 668 1564 720 VERs.
1597 667 1819 736 9.-Ν,
1852 652 2104 738 739[b].
2488 652 2657 734 2069

404 839 728 920 quoniam
770 837 888 902 illa
918 838 1091 902 sicut
1124 825 1378 920 reliqua
1409 837 1621 901 Verbi
1656 835 2077 918 conjungunt
2110 844 2377 899 mentes
2414 836 2654 899 huma-

405 952 528 995 nas
547 929 902 994 mentibus
934 931 1301 1013 angelicis;
1351 949 1506 994 nam
1532 931 1759 1012 angeli
1798 931 1863 993 in
1897 930 2225 1011 spirituali
2264 950 2465 993 sensu
2496 939 2655 993 sunt

407 1025 681 1108 quando
719 1025 1034 1088 homines
1079 1026 1146 1087 in
1193 1025 1484 1088 naturali
1530 1044 1751 1088 sensu.
1843 1023 2023 1105 Quid
2070 1034 2299 1087 autem
2338 1025 2657 1087 historica

407 1118 524 1182 illa
567 1120 636 1182 in
685 1119 1017 1200 spirituali
1065 1137 1266 1181 sensu
1325 1119 1702 1193 involvunt,
1752 1119 1984 1200 paucis
2028 1118 2309 1181 dicetur.
2400 1116 2657 1198 Agitur

407 1214 476 1276 in
515 1213 734 1293 primo
765 1213 991 1294 capite
1029 1213 1116 1276 de
1153 1233 1330 1276 nova
1367 1214 1714 1276 creatione
1752 1233 1869 1276 seu
1902 1213 2391 1275 instauratione
2430 1212 2654 1276 eccle·

407 1309 569 1382 siae,
609 1327 782 1390 quae
819 1307 941 1371 fuit
979 1306 1268 1370 ecclesia
1303 1308 1769 1389 antiquissima
1806 1308 1870 1368 in
1909 1307 2035 1370 hac
2077 1305 2339 1380 tellure,
2376 1316 2446 1370 et
2484 1326 2654 1389 quo-

408 1421 538 1482 que
577 1403 880 1464 omnium
926 1401 1546 1482 praestantissima;
1594 1400 1715 1464 suit
1764 1401 1943 1463 enim
1988 1400 2278 1463 ecclesia
2314 1400 2651 1475 caelestis,

410 1495 566 1577 quia
603 1496 670 1557 in
717 1514 948 1558 amore
994 1495 1060 1557 in
1103 1494 1512 1570 Dominum;
1561 1495 1719 1557 inde
1755 1495 2065 1558 homines
2112 1493 2289 1556 illius
2326 1494 2654 1559 ecclesiae

411 1588 678 1651 suerunt
706 1589 1202 1669 sapientissimi,
1233 1590 1920 1652 communicationem
1947 1606 2162 1669 paene
2188 1590 2653 1653 immediatam

409 1681 742 1745 habentes
791 1701 943 1744 cum
989 1682 1251 1764 angelis
1297 1682 1488 1756 caeli,
1539 1702 1659 1765 per
1703 1703 1873 1765 quos
1917 1703 1958 1746 a
2014 1682 2310 1746 Domino
2356 1683 2487 1745 illis
2530 1683 2653 1747 fuit

409 1778 783 1858 sapientia:
847 1787 919 1840 et
966 1778 1121 1858 quia
1165 1778 1232 1839 in
1281 1795 1511 1840 amore
1565 1779 1632 1839 in
1682 1776 2051 1839 Dominum
2096 1776 2386 1851 suerunt,
2436 1788 2507 1841 et
2560 1798 2653 1841 ex

409 1871 602 1934 caelo
639 1869 1096 1934 revelationes
1133 1870 1534 1944 habuerunt,
1569 1881 1642 1934 et
1679 1873 1834 1954 quia
1870 1891 2030 1934 vera
2068 1871 2315 1934 Divina
2352 1870 2656 1934 revelata

409 1965 644 2027 statim
691 1965 1186 2028 mandaverunt
1232 1966 1434 2036 vitae,
1476 1965 1631 2027 inde
1679 1965 1745 2027 in
1794 1965 1992 2028 simili
2038 1974 2223 2028 statu
2270 1965 2536 2028 fuerunt
2583 1967 2651 2028 in

408 2079 542 2139 quo
565 2069 726 2121 sunt
751 2058 976 2140 angeli
1002 2059 1183 2121 tertii
1208 2059 1375 2121 caeli
1405 2080 1420 2136 ;
1468 2077 1674 2140 quare
1707 2059 1773 2122 id
1811 2059 2076 2123 caelum
2108 2079 2197 2122 ex
2232 2059 2407 2122 illius
2432 2058 2653 2123 eccle-

410 2155 545 2215 siae
567 2153 950 2215 hominibus
971 2153 1286 2233 primario
1304 2153 1641 2216 consistit.
1720 2152 1912 2216 Haec
1934 2153 2225 2216 ecclesia
2244 2152 2652 2234 intelligitur

411 2265 528 2326 per
567 2245 974 2309 “Adamum
1013 2255 1084 2309 et
1129 2245 1271 2327 ejus
1317 2265 1602 2309 uxorem
1631 2245 1685 2324 ;'’
1730 2265 1849 2327 per
1888 2247 2225 2310 “hortum
2242 2245 2271 2272 ’'
2308 2256 2538 2310 autem
2584 2247 2650 2308 in

411 2340 648 2404 Edene
704 2339 1120 2422 significatur
1172 2340 1630 2422 intelligentia
1696 2350 1766 2404 et
1834 2342 2164 2422 sapientia
2231 2341 2521 2416 illorum,
2580 2351 2653 2406 et

409 2453 676 2517 quoque
712 2435 1112 2497 describitur
1158 2454 1277 2516 per
1312 2435 1540 2497 omnia
1576 2435 1693 2497 illa
1737 2437 1803 2497 in
1845 2455 2044 2498 sensu
2084 2436 2409 2517 spirituali
2448 2435 2652 2499 intel-

411 2525 608 2602 lecta,
635 2548 810 2610 quae
835 2528 920 2590 de
947 2528 1148 2591 horto
1170 2528 1291 2591 illo
1316 2538 1816 2606 memorantur;
1856 2536 1927 2591 et
1953 2528 2297 2611 quomodo
2322 2531 2655 2611 sapientia

409 2622 476 2683 in
513 2623 918 2704 posteritate
949 2622 1216 2685 illorum
1248 2622 1604 2703 deperdita
1640 2622 1784 2696 suit,
1820 2623 2221 2686 describitur
2252 2641 2371 2704 per
2406 2629 2652 2687 “esum

411 2736 498 2778 ex
545 2717 785 2778 arbore
831 2717 1153 2779 scientiae
1179 2715 1231 2778 :³³
1277 2736 1396 2798 per
1441 2715 1633 2780 binas
1679 2718 1859 2779 enim
1901 2717 2231 2780 “arbores
2248 2715 2279 2742 ''
2314 2718 2381 2779 in
2428 2718 2654 2782 medio

409 2810 588 2873 horti
629 2811 888 2891 positas
925 2810 1328 2892 intelligitur
1365 2812 1714 2892 perceptio
1758 2829 1798 2873 a
1844 2811 2143 2874 Domino
2186 2820 2258 2874 et
2306 2813 2654 2893 perceptio

411 2925 448 2967 a
485 2905 778 2982 mundo;
827 2924 946 2986 per
985 2906 1350 2968 “arborem
1388 2906 1676 2968 vitarum
1692 2905 1723 2930 ”
1760 2907 2107 2987 perceptio
2145 2926 2186 2968 a
2223 2906 2539 2982 Domino,
2579 2917 2651 2971 et

413 3019 528 3080 per
567 3001 938 3063 “arborem
978 3001 1301 3063 scientiae
1339 2999 1496 3062 boni
1534 3009 1606 3063 et
1646 2999 1851 3064 mali”
1888 3001 2239 3081 perceptio
2285 3020 2326 3063 a
2371 3001 2647 3076 mundo,

411 3113 579 3175 quae
612 3102 844 3157 tamen
878 3094 944 3156 in
981 3113 1054 3156 se
1091 3103 1195 3156 est
1231 3094 1436 3156 modo
1467 3094 1773 3175 cognitio
1810 3103 1881 3157 et
1919 3096 2245 3157 scientia:
2296 3115 2414 3176 per
2448 3099 2487 3128 ‘⁸
2510 3114 2651 3157 ser-

411 3199 688 3269 pentem
705 3189 736 3212 ”
795 3199 1046 3263 autem,
1108 3189 1221 3270 qui
1285 3188 1565 3251 seduxit
1625 3186 1801 3263 illos,
1862 3185 2283 3269 significatur
2340 3187 2651 3251 sensuale

413 3283 721 3356 hominis,
760 3283 942 3365 quod
979 3283 1370 3345 immediate
1407 3283 1865 3345 communicat
1903 3301 2056 3346 cum
2096 3282 2388 3360 mund03
2444 3302 2650 3364 quare

413 3396 530 3458 per
565 3374 1028 3440 seductionem
1065 3376 1334 3440 illorum
1370 3397 1413 3439 a
1445 3381 1484 3408 “
1507 3386 1824 3457 serpente
1840 3375 1870 3402 ’⁹
1906 3376 2309 3458 intelligitur
2346 3374 2652 3441 seductio

415 3491 452 3533 a
493 3470 808 3544 sensuali,
858 3471 1040 3553 quod
1086 3471 1314 3534 omnia
1358 3491 1480 3533 sua
1523 3470 1745 3534 haurit
1792 3491 1883 3533 ex
1930 3471 2183 3533 mundo
2228 3479 2300 3532 et
2346 3469 2511 3532 nihil
2556 3491 2648 3533 ex

415 3565 642 3629 caelo:
713 3565 1029 3629 caelestis
1087 3567 1266 3628 enim
1325 3565 1656 3628 ecclesiae
1722 3564 2030 3628 homines
2094 3564 2269 3627 tales
2333 3574 2512 3639 sunt,
2576 3574 2650 3629 ut

415 3662 636 3724 omnia
667 3681 826 3722 vera
857 3668 928 3722 et
963 3659 1142 3722 bona
1168 3659 1339 3722 caeli
1371 3659 1745 3740 percipiant
1778 3679 1817 3721 a
1850 3658 2147 3722 Domino
2172 3677 2289 3739 per
2321 3657 2649 3721 influxum

415 3755 478 3816 in
523 3754 842 3820 interiora
877 3772 1149 3830 eorum;
1203 3753 1384 3816 unde
1421 3773 1581 3815 vera
1626 3763 1697 3816 et
1744 3752 1925 3815 bona
1960 3752 2194 3814 vident
2237 3752 2417 3814 intus
2462 3753 2529 3814 in
2576 3772 2649 3816 se

415 3848 582 3910 sicut
621 3849 842 3920 insita,
884 3865 1010 3909 nec
1055 3865 1224 3927 opus
1260 3846 1517 3910 habent
1563 3844 1681 3908 illa
1718 3847 1828 3908 via
1865 3847 2237 3926 posteriore
2274 3846 2645 3920 addiscere,

415 3959 488 4002 ac
535 3943 930 4005 memoriam
976 3939 1106 4003 illis
1153 3939 1615 4021 locupletare;
1663 3941 1819 4003 inde
1866 3959 1991 4003 nec
2030 3940 2518 4003 ratiocinantur
2562 3940 2647 4002 de

415 4036 604 4108 veriS,
645 4055 802 4098 num
840 4035 938 4098 ita
975 4035 1082 4110 sit,
1122 4035 1232 4097 vel
1281 4055 1415 4098 non
1462 4036 1599 4112 ita;
1649 4035 1760 4116 qui
1797 4035 1977 4096 enim
2014 4033 2203 4097 videt
2240 4053 2401 4095 vera
2436 4034 2500 4095 in
2549 4053 2645 4108 se,

417 4147 544 4191 non
605 4131 1066 4202 ratiocinatur,
1125 4147 1282 4191 nam
1349 4129 1734 4192 ratiocinari
1797 4127 2084 4190 involvit
2150 4127 2647 4191 dubitationem

418 4243 568 4286 num
601 4226 694 4288 ita
725 4225 813 4288 sit
843 4245 860 4302 ;
909 4242 1081 4305 quae
1113 4225 1319 4286 etiam
1345 4243 1548 4286 causa
1579 4234 1685 4286 est
1712 4222 1893 4306 quod
1926 4241 2256 4304 nusquam
2290 4223 2648 4286 nominent

418 4315 628 4392 fidem,
679 4337 838 4383 nam
887 4318 1054 4382 fides
1099 4316 1381 4382 involvit
1427 4318 1739 4398 ignotum
1786 4317 1967 4400 quid,
2015 4316 2197 4398 quod
2244 4336 2455 4398 usque
2501 4336 2645 4380 cre-

420 4412 699 4477 dendum
731 4423 840 4477 est
875 4413 1150 4475 tametsi
1183 4431 1318 4474 non
1345 4411 1630 4474 videtur.
1720 4410 1924 4492 Quod
1956 4411 2264 4474 homines
2290 4408 2644 4473 Ecclesiae

411 4507 943 4593 Antiquissimae
989 4506 1166 4570 tales
1211 4506 1475 4580 suerint,
1524 4505 1899 4570 revelatum
1944 4506 2106 4568 mihi
2150 4516 2260 4569 est
2312 4525 2350 4568 e
2404 4503 2643 4582 caelo;

404 4605 628 4670 datum
676 4605 868 4668 enim
915 4610 1022 4664 est
1070 4599 1248 4684 loqui
1295 4617 1448 4664 cum
1495 4599 1626 4663 illis
1672 4619 1750 4664 ac
1796 4599 2155 4676 informari,
2206 4609 2279 4663 ut
2326 4607 2645 4662 constare
