3259 5384
817 606 975 658 CAP.
1010 606 1192 669 xm„
1226 606 1433 658 vERs.
1470 594 1690 658 8.-—N.
1723 592 1976 677 805[a].
2347 596 2509 676 2245

318 794 380 839 ex
408 778 855 853 necessitate,
910 786 1105 860 patet
1158 777 1246 841 ab
1299 777 1432 841 illis
1486 796 1660 860 quae
1716 776 1783 842 in
1838 796 2002 841 mox
2057 778 2514 860 praecedente

319 870 565 935 articulo
596 868 783 935 dic'ta
818 881 889 936 et
920 882 1201 935 ostensa
1233 883 1430 936 sunt:
1480 893 1571 935 ex
1602 871 2106 953 significatione
2141 871 2516 936 “habitan-

318 962 437 1029 tium
472 985 683 1049 super
712 966 955 1041 terra,”
986 966 1166 1048 quod
1200 966 1287 1029 sit
1326 966 1413 1029 ab
1450 966 1581 1030 illis
1619 968 1732 1049 qui
1762 968 1944 1031 intra
1974 966 2336 1029 ecclesiam
2369 966 2513 1029 nati

321 1068 448 1135 sunt,
494 1080 619 1143 per
654 1060 1011 1125 “terram”
1042 1060 1223 1125 enim
1260 1060 1682 1143 significatur
1718 1060 2032 1133 ecclesia,
2066 1070 2136 1124 et
2177 1080 2296 1143 per
2331 1061 2512 1124 “hv

320 1148 581 1217 bitantes
626 1174 829 1236 super
872 1154 989 1218 illa
1007 1155 1037 1181 ’'
1082 1154 1555 1237 significantur
1598 1154 1710 1237 qui
1765 1155 1854 1218 ibi
1909 1164 2068 1218 sunt
2114 1163 2184 1218 et
2232 1155 2510 1219 vivunt:

322 1248 452 1325 quod
498 1249 644 1311 nati
682 1249 773 1311 ibi
810 1248 1307 1331 intelligantur,
1342 1259 1448 1314 est
1489 1250 1646 1332 quia
1675 1250 1887 1313 cuivis
1923 1257 2032 1313 est
2071 1249 2312 1330 religio
2349 1268 2512 1313 suae

320 1342 557 1418 patriae,
600 1364 691 1407 ex
722 1364 930 1407 causa
956 1344 1283 1425 imprimis
1314 1344 1469 1426 quia
1500 1344 1829 1407 educatur
1859 1344 1928 1406 in
1965 1342 2178 1417 illam,
2212 1352 2282 1408 et
2316 1353 2512 1424 post-

322 1452 381 1495 ea
402 1435 829 1500 confirmatur
865 1440 929 1500 in
970 1436 1087 1499 illa
1122 1454 1213 1499 ex
1254 1437 1913 1519 praedicationibus;
1961 1438 2320 1520 praecipue
2353 1432 2513 1519 quia

322 1532 466 1607 pauci
530 1541 690 1594 sunt
755 1530 869 1613 qui
925 1532 1207 1595 student
1266 1529 1615 1595 doctrinae
1675 1531 2008 1595 ecclesiae
2069 1548 2148 1595 ac
2207 1533 2513 1595 interiori

324 1617 485 1687 Verbi
524 1622 927 1696 intellectui,
966 1625 1331 1688 credentes
1374 1626 1556 1707 quod
1605 1625 1772 1689 talia
1811 1624 2307 1689 transcendant
2350 1644 2512 1708 cap·

322 1722 449 1791 tum,
490 1728 565 1782 et
612 1740 879 1801 quoque
924 1719 1105 1801 quod
1162 1738 1295 1781 non
1344 1719 1642 1782 videnda
1688 1738 1806 1781 seu
1853 1718 2304 1801 intelligenda
2350 1722 2510 1793 sint.

325 1810 414 1871 sed
449 1813 653 1876 modo
686 1814 1067 1890 credenda3
1125 1812 1280 1876 inde
1326 1822 1457 1885 est,
1497 1813 1680 1896 quod
1725 1814 2098 1895 agnitionis
2136 1816 2513 1877 necessitas

323 1902 391 1965 sit
421 1904 539 1969 illis
570 1908 684 1988 qui
719 1908 901 1971 intra
933 1906 1293 1972 ecclesiam
1332 1909 1476 1971 nati
1514 1918 1696 1979 sunt,
1730 1928 1906 1989 quae
1940 1906 2359 1990 significatur
2393 1914 2514 1990 pei·

324 1999 463 2075 quod
496 2001 944 2065 “adorabunt
982 2002 1275 2065 bestiam
1316 2022 1557 2066 omnes
1594 2002 1992 2065 habitantes
2035 2022 2238 2084 super
2274 2002 2513 2065 terra.’'

324 2084 483 2166 Quod
534 2095 631 2159 ita
684 2097 796 2169 sit,
845 2096 1171 2178 imprimis
1217 2106 1536 2159 constare
1591 2106 1826 2178 potest
1880 2115 1970 2159 ex
2023 2105 2302 2179 recepta
2355 2094 2510 2172 fide,

324 2198 483 2261 quam
514 2199 771 2253 vocant
816 2192 1083 2253 unicam
1122 2189 1531 2265 salvantem,
1575 2189 1770 2268 Quod
1797 2189 1978 2253 Deus
2011 2189 2229 2252 Pater
2256 2191 2516 2253 miserit

321 2274 523 2345 Filium
557 2304 751 2347 suum
794 2284 864 2347 in
906 2284 1255 2360 Mundum,
1296 2294 1371 2347 ut
1404 2294 1534 2365 per
1573 2282 1972 2347 Passionem
2011 2283 2248 2350 Crucis
2283 2285 2513 2365 Ipsius

320 2369 428 2449 fiat
455 2376 873 2459 Propitiatio,
906 2378 1293 2460 Redemptio
1322 2389 1387 2441 et
1418 2379 1728 2443 Salvatio
1739 2400 1775 2453 ,·
1815 2399 1990 2461 quae
2027 2378 2214 2455 fides,
2249 2380 2303 2442 si
2339 2377 2513 2443 foret

322 2473 643 2537 secundum
676 2474 900 2537 ideam
932 2474 1359 2536 defensorum
1390 2472 1543 2536 fidei
1582 2483 1940 2553 separatae
1977 2493 2018 2536 a
2053 2474 2214 2548 vita,
2248 2483 2320 2536 et
2355 2473 2512 2535 inde

322 2566 643 2630 secundum
692 2568 1231 2649 praedicationes
1276 2588 1365 2630 ex
1412 2564 1743 2642 doctrina,
1793 2566 1978 2630 nulla
2022 2565 2190 2629 fides
2236 2577 2382 2645 est;
2439 2577 2513 2630 ut

322 2668 588 2725 constare
612 2671 845 2744 potest
868 2682 958 2725 ex
986 2661 1297 2725 omnibus
1322 2672 1394 2725 et
1426 2661 1706 2743 singulis
1731 2680 1901 2743 quae
1927 2660 2084 2724 fidei
2115 2658 2225 2724 isti
2257 2662 2508 2737 insunt,

322 2754 559 2832 et.quae
592 2776 681 2820 ex
718 2756 835 2820 illa
870 2767 1394 2840 consequuntur,
1433 2777 1607 2839 quae
1649 2767 1829 2831 sunt,

742 2899 828 2968 (i.)
883 2898 1055 2970 Quod
1068 2902 1150 2953 sit
1172 2900 1545 2970 Propitiatio,
1570 2902 1767 2969 nempe
1779 2900 2136 2969 propitiatio
2160 2898 2283 2952 Dei
2305 2898 2513 2953 Patris

748 3040 784 3055 ..
964 2974 1079 3041 per
1090 2972 1664 3093 passivam-senfin
1685 2972 2024 3054 surg-niuem
2053 2970 2212 3022 Filii
2229 2972 2341 3053 sui.
2477 3041 2490 3054 .

720 3042 829 3110 (ιι.)
882 3040 1053 3111 Quod
1085 3046 1168 3094 stt
1208 3042 1519 3094 Masertcor
1557 3058 1621 3093 za
1655 3054 1754 3093 seu
1793 3041 2108 3095 Miserateo
2143 3041 2256 3094 Da
2299 3040 2512 3093 Patres

965 3116 1211 3182 propter
1234 3112 1477 3167 Filium.

701 3182 829 3251 (iii.)
884 3182 1053 3251 Quod
1052 3184 1257 3255 suerit
1280 3184 1548 3236 Portatio
1564 3182 1948 3251 iniquitatum
1967 3186 2298 3235 nostrarum
2323 3196 2362 3232 a
2390 3180 2512 3233 Do-

973 3256 1144 3317 min0,
1170 3258 1226 3306 et
1248 3252 1381 3306 inde
1404 3252 1700 3305 Libet-atio
1723 3252 1794 3304 ab
1816 3252 1955 3305 illis.

705 3324 829 3391 (iv.)
885 3324 1053 3393 Quod
1068 3324 1241 3377 detur
1264 3324 1706 3393 Imputativum,
1729 3328 1786 3376 et
1806 3324 1890 3375 sic
1912 3321 2067 3391 quod
2083 3322 2164 3375 sit
2185 3321 2510 3390 Imputatio

976 3396 1181 3447 meriti
1198 3394 1449 3447 Domini
1458 3396 1571 3463 per
1593 3409 1768 3462 quam
1792 3392 2112 3447 salvamur.

729 3464 831 3533 (v.)
887 3464 1056 3533 Quod
1070 3466 1148 3517 sit
1171 3464 1501 3517 Intercessio
1525 3462 1776 3517 Domini
1793 3462 1960 3533 apud
1979 3464 2235 3517 Patrem.

707 3533 831 3603 (vi.)
886 3533 1056 3605 Quod
1071 3536 1151 3587 sit
1174 3534 1504 3604 Redemptio
1528 3540 1583 3587 et
1609 3534 1877 3587 Sal-vatio
1901 3534 2106 3603 absque
2129 3532 2330 3585 mediis
2351 3532 2510 3585 vitae

972 3604 1198 3673 etfidei,
1218 3610 1273 3657 et
1294 3606 1429 3659 mdc
1444 3604 1601 3673 quod
1616 3606 1698 3657 sit
1719 3604 2058 3658 immediata
2078 3603 2508 3657 Miseret-ordia.

685 3730 831 3799 (vii.)
885 3730 1056 3800 Quod
1073 3732 1139 3782 in
1163 3730 1269 3783 illa
1280 3729 1402 3799 fide
1434 3730 1515 3783 sit
1548 3730 1711 3784 mella
1737 3730 1960 3801 religio.
1985 3729 2087 3784 sed
2104 3730 2258 3801 quod
2275 3732 2356 3783 sit
2379 3732 2510 3783 ina-

976 3803 1136 3855 nitas
1157 3806 1213 3854 et
1238 3802 1519 3855 vacuitas.

661 3896 831 3963 (viii.)
884 3894 1054 3966 Quod
1082 3912 1181 3951 nec
1214 3897 1279 3948 in
1315 3894 1421 3948 illa
1456 3897 1537 3948 sit
1560 3894 1764 3965 aliqua
1775 3894 1928 3964 fides
1955 3896 2022 3949 in
2050 3894 2387 3957 Dominum.
2415 3913 2511 3953 nec

973 3969 1201 4036 agm'tio
1222 3967 1449 4021 Divini
1464 3967 1664 4036 Ipsius
1689 3969 1754 4019 in
1781 3966 2062 4021 Humano
2083 3966 2298 4036 Ipsius.

704 4061 831 4129 (ix.)
884 4062 1289 4130 Consequenter
1310 4060 1698 4131 quodfidmta
1726 4062 1889 4115 illius
1897 4062 2055 4130 fidei
2075 4066 2130 4115 et
2151 4062 2508 4131 confidentia.

974 4147 1120 4202 quae
1129 4132 1309 4217 stadie
1319 4134 1435 4203 pro
1460 4134 1631 4185 um‘ca
1643 4132 1768 4201 fide
1784 4132 2046 4187 salvante
2069 4137 2291 4203 recepta
2316 4140 2412 4195 est,
2432 4136 2510 4187 sit

972 4219 1087 4255 vox
1110 4219 1323 4256 manes.

730 4296 833 4365 (x.)
886 4296 1057 4367 Quod
1056 4296 1207 4367 fides
1228 4296 1461 4351 salvans
1470 4302 1718 4368 prorsus
1740 4298 1864 4351 alia
1888 4300 1984 4355 sit.

298 4416 415 4489 Sed
454 4442 601 4518 quia
657 4449 719 4512 in
766 4468 881 4513 ore
924 4470 1141 4532 paene
1185 4450 1483 4515 omnium
1527 4459 1656 4526 est,
1695 4451 1808 4535 qul
1852 4450 1941 4514 ab
1987 4451 2277 4516 ecclesia
2321 4463 2502 4525 sunt,

300 4526 455 4595 quod
498 4532 833 4607 Dominus
876 4564 1111 4627 passus
1155 4546 1242 4608 sit
1289 4562 1555 4609 crucem
1600 4555 1879 4627 propter
1915 4555 2148 4611 nostra
2195 4558 2500 4628 peccata,
