3259 5384
597 639 754 704 ¹972
1232 637 1733 690 APOCALYPSIS
1780 641 2231 692 expuent».

687 811 716 832 ‘⁴
733 808 1060 859 Mercatores
1085 819 1256 859 terrae
1281 809 1484 860 flebunt
1505 819 1560 859 et
1585 810 1845 874 plangent
1866 811 2071 874 super”
2098 811 2378 876 Babylone
2402 827 2613 874 magna,
2638 811 2823 876 “quod

849 889 1053 924 merces
1077 876 1195 938 ejus
1224 891 1386 925 nemo
1412 885 1557 926 emat
1583 877 1831 939 amplius,
1860 891 2064 927 merces
2090 879 2207 927 auri
2230 888 2284 928 et
2312 879 2519 940 argenti
2546 887 2601 927 et
2628 879 2823 942 lapidis

848 941 1082 1003 pretiosi,
1102 950 1156 989 et
1173 941 1494 1003 margaritae
1512 952 1566 990 et
1588 943 1753 1004 byssi,
1771 952 1825 990 et
1844 958 2108 1006 purpurae
2125 953 2181 992 et
2204 943 2356 992 serici
2376 953 2429 992 et
2454 943 2656 992 coccini
2674 959 2715 994 :.
2734 981 2747 993 .
2768 979 2781 994 .
2800 980 2813 992 .

848 1015 904 1055 et
937 1016 1284 1056 mercatores.
1305 1043 1318 1056 .
1338 1045 1349 1055 .
1370 1007 1587 1066 .dicent,
1617 1007 1746 1066 Vae,
1782 1022 1881 1058 vae
1915 1009 2043 1057 urbs
2078 1022 2291 1070 magna,
2326 1023 2465 1070 quae
2498 1008 2687 1057 induta
2719 1008 2822 1057 tuit

845 1072 1014 1134 bysso
1037 1082 1092 1120 et
1116 1086 1350 1134 purpura
1371 1082 1425 1121 et
1447 1075 1683 1132 coccino,
1708 1074 1955 1122 inaurata
1975 1087 2122 1132 auro,
2142 1073 2318 1136 lapide
2342 1075 2580 1137 pretioso
2602 1083 2658 1124 et
2682 1088 2823 1122 tuar-

845 1137 1076 1200 garitis”
1099 1137 1263 1198 (xviii.
1292 1150 1368 1197 11,
1398 1149 1472 1197 12,
1501 1134 1629 1203 [15,]
1662 1139 1756 1199 16).

587 1265 764 1350 Quia
784 1288 904 1351 per
922 1274 962 1301 ‘⁴
982 1267 1239 1350 lapides
1260 1269 1659 1351 pretiOSOS‚”
1672 1289 1923 1352 perque
1946 1274 1987 1302 “
2005 1288 2365 1353 purpuram
2386 1279 2457 1333 et
2477 1267 2821 1350 byssum,'’

585 1361 1056 1444 significantur
1081 1363 1512 1445 cognitiones
1536 1365 1677 1426 veri
1702 1373 1774 1426 et
1806 1363 1967 1426 boni
1992 1384 2084 1426 ex
2110 1363 2365 1437 Verbo,
2394 1363 2551 1427 ideo
2574 1363 2823 1428 dicitur

585 1457 672 1520 de
710 1455 986 1520 homine
1034 1458 1264 1531 divite,

684 1591 839 1656 Quod
866 1592 1084 1641 indutus
1111 1601 1256 1642 esset
1279 1607 1512 1655 purpura
1533 1601 1589 1641 et
1615 1593 1797 1655 byss0,
1821 1591 1889 1642 ad
1918 1590 2069 1656 cujus
2094 1591 2416 1641 vestibulum
2442 1589 2715 1657 projectus
2738 1601 2822 1642 est

849 1657 1080 1707 Lazarus
1103 1657 1249 1718 (Luc.
1273 1657 1378 1707 xvi.
1407 1670 1483 1720 19,
1509 1659 1620 1718 2o):

587 1810 706 1872 per
747 1788 1089 1852 “divitem
1105 1788 1136 1814 '’
1173 1788 1581 1870 intelligitur
1617 1808 1790 1871 gens
1833 1788 2155 1871 Judaica;
2203 1811 2377 1873 quae
2414 1789 2571 1872 quia
2607 1788 2818 1853 habe·

585 1884 703 1946 bat
737 1882 1062 1959 Verbum,
1104 1884 1171 1946 in
1217 1905 1352 1967 quo
1400 1883 1648 1946 Divina
1679 1904 1839 1946 vera
1884 1895 2065 1958 sunt,
2106 1884 2353 1948 dicitur
2389 1885 2476 1947 de
2514 1905 2597 1948 eo
2633 1883 2817 1967 quod

588 1983 934 2059 “purpura
973 1987 1044 2040 et
1081 1977 1290 2058 bysso
1325 1977 1602 2040 indutus
1636 1987 1820 2040 esset
1846 1977 1899 2039 :³⁹
1930 1988 1999 2040 et
2034 1999 2153 2060 per
2188 1975 2624 2041 “Lazarum'’
2656 1997 2819 2060 pau-

585 2092 814 2155 perem
849 2071 1321 2154 intelliguntur
1351 2082 1621 2152 genteS,
1650 2092 1823 2154 quae
1856 2092 1993 2135 non
2027 2071 2354 2148 Verbum,
2391 2082 2461 2135 et
2493 2073 2651 2135 inde
2684 2091 2819 2134 non

585 2186 745 2229 vera
791 2165 1179 2230 habebant:
1230 2165 1388 2229 inde
1435 2175 1630 2248 patet
1670 2165 1852 2249 quod
1900 2166 2113 2240 diviti,
2154 2167 2435 2230 tametsi
2476 2166 2715 2239 maluS,
2749 2175 2819 2228 et

585 2269 829 2342 postea
876 2256 1214 2342 projectus
1260 2260 1327 2323 in
1373 2259 1728 2333 infernum,
1768 2259 2015 2323 fuerint
2058 2265 2346 2324 “vestes
2392 2281 2483 2322 ex
2530 2280 2819 2343 purpura

587 2363 657 2417 et
696 2353 961 2434 bysso.”
1049 2352 1247 2416 Talia
1285 2355 1494 2416 etiam
1534 2353 1849 2416 dicuntur
1885 2354 1971 2418 de
2012 2359 2233 2435 “rege
2270 2353 2821 2436 septentrionis,”

583 2448 698 2530 qui
735 2446 990 2511 bellum
1029 2449 1244 2529 gessit
1283 2457 1525 2511 contra
1562 2468 1797 2529 regem
1838 2448 2158 2524 meridiei,
2194 2447 2372 2530 apud
2408 2447 2774 2521 Danielem,

684 2580 800 2631 Rex
823 2581 1204 2643 septentrionis
1225 2583 1254 2605 ‘⁴
1269 2591 1476 2630 tantum
1495 2581 1672 2640 deum,
1692 2582 2020 2630 munitiones
2040 2595 2204 2644 super
2218 2582 2455 2630 statione
2474 2595 2572 2630 sua
2590 2582 2821 2631 honora-

843 2648 935 2706 bit,
954 2648 1111 2696 deum
1137 2661 1293 2710 quem
1320 2661 1429 2695 non
1457 2657 1725 2696 noverunt
1750 2657 1927 2710 patres
1947 2647 2085 2709 ejus»,
2105 2648 2393 2696 honorabit
2410 2661 2556 2706 auro,
2576 2658 2819 2709 argento,

843 2723 895 2762 et
911 2712 1088 2775 lapide
1102 2713 1339 2775 pretioso
1357 2723 1411 2761 et
1428 2712 1868 2761 desiderabilibus
1889 2727 1901 2770 ;
1930 2713 2089 2762 faciet
2110 2713 2445 2761 munimenta
2460 2713 2817 2762 munitionum

842 2792 962 2827 cum
998 2777 1100 2826 deo
1133 2777 1313 2826 alieno
1331 2791 1344 2838 ;
1380 2777 1469 2840 qui
1503 2777 1787 2840 agnoverit
1820 2792 2020 2841 magno
2047 2778 2303 2826 afficietur
2337 2778 2543 2826 honore
2558 2777 2587 2796 ”
2614 2777 2708 2840 (xi.
2742 2778 2819 2838 38,

845 2844 930 2906 39)
950 2859 961 2893 τ

583 2975 808 3057 agitur
852 2975 917 3037 in
965 2995 1048 3038 eo
1094 2974 1320 3057 capite
1357 2974 1442 3038 de
1489 2972 1681 3037 bello
1718 2975 1900 3057 regis
1937 2975 2424 3056 septentrionis
2462 2995 2615 3039 cum
2658 2995 2818 3056 rege

581 3070 928 3145 meridiei;
983 3079 1054 3132 et
1109 3089 1228 3152 per
1275 3074 1570 3150 “regem
1617 3069 2157 3149 septentrionis”
2202 3067 2681 3150 intelliguntur
2725 3069 2817 3131 illi
2852 3098 2865 3112 ·

582 3165 694 3247 qui
739 3165 806 3227 in
853 3165 1138 3228 scientia
1183 3185 1272 3228 ex
1320 3162 1556 3226 Verbo
1598 3173 1778 3238 sunt,
1818 3173 1889 3227 et
1938 3173 2173 3226 tamen
2222 3183 2357 3225 non
2405 3164 2473 3225 in
2519 3164 2683 3236 vita,
2724 3163 2820 3226 ita

582 3278 848 3342 quoque
879 3259 990 3342 qui
1029 3259 1095 3321 in
1129 3257 1276 3322 sola
1307 3255 1439 3320 fide
1471 3258 1566 3320 ita
1599 3254 1802 3331 dicta,
1839 3267 1911 3320 et
1944 3277 2155 3339 usque
2187 3276 2323 3319 non
2356 3259 2421 3319 in
2456 3257 2815 3330 charitate,

582 3351 759 3416 hanc
819 3351 1185 3432 rejiciendo
1243 3352 1418 3414 sicut
1487 3350 1573 3413 ad
1642 3350 1935 3414 salutem
1997 3370 2135 3413 non
2202 3351 2633 3414 conducens:
2700 3370 2819 3433 per

584 3452 624 3479 “
641 3466 877 3528 regem
895 3447 924 3472 ”
949 3457 1180 3510 autem
1210 3451 1249 3479 “
1267 3445 1568 3509 meridiei
1585 3444 1614 3469 ”
1636 3445 2113 3528 intelliguntur
2132 3447 2244 3526 qui
2269 3447 2337 3507 in
2358 3445 2819 3526 intelligentia

581 3561 672 3605 ex
711 3540 948 3605 Verbo
985 3551 1166 3615 sunt,
1207 3542 1362 3624 quia
1407 3541 1474 3602 in
1514 3539 1893 3616 charitate;
1940 3538 2009 3601 hi
2048 3549 2207 3602 sunt
2250 3544 2431 3601 “rex
2472 3539 2771 3602 meridiei
2788 3538 2817 3562 ”

583 3657 702 3700 seu
743 3637 980 3718 “regis
1027 3635 1390 3710 meridiei,”
1433 3636 1588 3718 quia
1630 3633 2050 3697 “meridies'’
2096 3632 2432 3715 significat
2479 3633 2701 3697 lucem
2748 3642 2816 3698 et

582 3731 701 3794 lux
741 3731 1292 3812 intelligentiam,
1334 3739 1405 3793 et
1445 3730 1564 3793 lux
1605 3729 2107 3811 intelligentiae
2145 3738 2251 3791 est
2290 3749 2379 3792 ex
2414 3728 2649 3792 Verbo
2686 3730 2818 3793 illis

581 3827 693 3908 qui
744 3825 810 3887 in
867 3825 1207 3887 charitate
1255 3834 1435 3899 sunt,
1482 3845 1661 3906 quae
1714 3833 1822 3887 est
1877 3824 2021 3886 vita
2086 3822 2281 3886 fidei:
2346 3823 2529 3905 quod
2584 3833 2813 3888 autem

580 3917 948 4001 supradicti
986 3920 1122 3981 sint
1158 3924 1338 3981 “rex
1378 3917 1928 4001 septentrionis‚”
1966 3937 2085 3980 seu
2125 3918 2363 3998 “regis
2400 3921 2817 4001 septentrio·

581 4012 742 4088 niS,'’
787 4022 893 4076 est
947 4013 1102 4094 quia
1151 4011 1639 4095 “septentrio”
1683 4010 2023 4094 significat
2078 4008 2375 4087 noctem,
2424 4021 2497 4074 et
2548 4031 2818 4095 quoque

580 4107 802 4170 lucem
848 4106 1178 4188 frigidam,
1227 4105 1447 4189 qualis
1500 4117 1606 4171 est
1665 4105 1785 4169 lux
1839 4105 2083 4180 hieme,
2134 4127 2225 4169 ex
2274 4127 2428 4189 qua,
2476 4107 2631 4189 quia
2680 4125 2817 4170 non

581 4202 760 4264 inest
793 4200 1000 4276 calor,
1037 4200 1223 4263 nulla
1254 4199 1687 4265 fructificatio
1718 4211 1867 4280 est;
1920 4200 2166 4264 “calor
2180 4200 2210 4224 ”
2242 4201 2421 4263 enim
2454 4200 2819 4282 spiritualis

577 4304 684 4360 est
723 4293 1042 4370 charitas,
1077 4304 1147 4358 et
1185 4315 1279 4358 ex
1319 4295 1545 4358 calore
1584 4315 1706 4378 per
1743 4294 1965 4359 lucem
1998 4304 2104 4357 est
2137 4296 2357 4357 omnis
2390 4295 2817 4378 germinatio·

579 4390 685 4453 De
729 4388 914 4453 bello
957 4389 1136 4454 inter
1179 4410 1303 4454 eos
1347 4410 1546 4473 reges
1590 4391 1837 4472 agitur,
1884 4391 2040 4474 quia
2085 4388 2171 4453 de
2218 4390 2462 4454 ultimo
2507 4399 2818 4472 tempore

577 4482 932 4561 ecclesiae,
993 4484 1272 4568 quando
1330 4504 1533 4548 omne
1591 4485 1837 4550 salutis
1896 4485 2170 4567 ponitur
2235 4485 2304 4548 in
2372 4485 2661 4548 scientia
2726 4505 2817 4548 ex

578 4579 835 4658 Verbo,
883 4590 956 4647 et
1013 4580 1179 4646 nihil
1233 4581 1300 4645 in
1355 4582 1539 4661 vita3
1607 4580 1789 4664 apud
1834 4588 2116 4663 gentem
2158 4579 2513 4662 judaicam
2558 4580 2625 4642 in
2672 4589 2815 4644 tra-
