3259 5384
591 669 628 717 2
635 654 758 736 298
1217 667 1722 720 APOCALYPSIS
1766 664 2219 717 EXPLICATA.

585 835 826 900 Verbo
871 837 1375 922 intelligantur,
1423 837 1590 901 mihi
1642 837 1731 900 ad
1774 837 2003 900 vivum
2056 835 2123 898 in
2182 835 2444 898 mundo
2498 831 2851 917 spirituali

583 939 943 995 ostensum
987 942 1134 996 est:
1182 933 1272 996 ibi
1319 941 1661 1015 apparent
1697 931 1930 994 variae
1973 931 2264 1004 bestiae,
2310 928 2434 992 sed
2484 927 2649 992 illae
2698 947 2851 992 non

583 1037 745 1091 sunt
783 1027 1049 1091 bestiae
1086 1027 1328 1111 quales
1371 1029 1440 1090 in
1487 1037 1733 1090 nostro
1778 1027 2059 1100 mund0,
2100 1043 2351 1108 nempe
2396 1023 2581 1106 quod
2628 1035 2855 1088 natae

581 1123 720 1185 sint
751 1121 1038 1197 bestiae,
1067 1124 1188 1186 sed
1221 1132 1383 1185 sunt
1417 1121 2077 1205 correspondentiae
2108 1117 2549 1184 affectionum
2570 1129 2651 1182 et
2678 1119 2855 1184 inde

583 1216 1092 1298 cogitationum
1146 1217 1505 1300 spirituum
1563 1227 1636 1280 et
1693 1215 2141 1298 angelorum;
2214 1233 2426 1297 quare
2486 1214 2701 1276 etiam
2770 1225 2853 1277 ut

579 1311 872 1391 primurn
902 1311 1254 1374 variantur
1285 1320 1356 1374 et
1389 1319 1669 1374 cessant
1702 1309 1863 1373 illae
1900 1306 2299 1373 affectiones
2332 1317 2406 1372 et
2443 1307 2603 1370 inde
2642 1311 2849 1390 cogi-

578 1403 906 1478 tationeS,
955 1414 1380 1468 evanescunt
1425 1425 1464 1467 e
1508 1405 1675 1467 visu.
1765 1403 1867 1468 Ut
1910 1403 2156 1466 scirem
2213 1402 2397 1485 quod
2460 1401 2558 1464 illi
2602 1402 2721 1484 qui
2777 1403 2849 1464 in

580 1495 712 1561 fide
763 1509 1085 1583 separata
1131 1521 1170 1564 a
1223 1501 1566 1563 charitate
1618 1509 1803 1574 sunt,
1852 1519 1971 1562 seu
2016 1499 2247 1582 potius
2304 1496 2706 1561 affectiones
2770 1509 2851 1562 et

579 1591 739 1657 inde
773 1595 1240 1676 cogitationes
1278 1594 1550 1658 illorum
1588 1615 1680 1658 ex
1718 1613 1840 1658 sua
1876 1591 2029 1667 fide,
2062 1601 2677 1674 repraesententur
2718 1611 2852 1674 per
2918 1626 2925 1641 ·

579 1685 830 1764 hircos,
876 1689 1116 1752 datum
1161 1699 1270 1752 cst
1317 1689 1480 1751 mihi
1524 1689 1758 1752 videre
1802 1688 2067 1770 aliquot
2112 1707 2203 1750 ex
2256 1687 2392 1749 illis
2436 1685 2848 1768 spiritibus;

580 1789 650 1843 et
709 1793 1175 1865 apparuerunt
1242 1802 1474 1846 coram
1535 1782 1753 1846 oculis
1816 1783 1989 1844 meis
2046 1790 2119 1844 et
2184 1781 2479 1864 plurium
2540 1780 2844 1844 aliorum

578 1892 858 1954 prorsus
882 1876 1060 1939 sicut
1086 1876 1255 1939 hirci
1281 1894 1436 1938 cum
1463 1875 1786 1938 cornibus
1809 1895 1825 1954 ;
1864 1885 1935 1938 et
1961 1895 2233 1957 quoque
2258 1874 2441 1957 quod
2468 1875 2649 1937 inter
2674 1872 2850 1937 illos

579 1967 766 2030 missi
823 1969 962 2032 sint
1021 1970 1274 2032 arietes
1327 1978 1398 2032 et
1451 1987 1643 2042 oves,
1690 1970 1758 2032 in
1802 1989 1976 2051 quos
2033 1969 2200 2031 hirci
2246 1967 2345 2030 illi
2398 1967 2673 2030 accensi
2738 1968 2847 2030 ira

578 2063 953 2137 irruebant,
1001 2073 1073 2126 et
1119 2083 1238 2126 eos
1282 2062 1722 2126 conabantur
1765 2073 2227 2145 prosternere,
2268 2061 2390 2125 sed
2437 2063 2791 2125 incassum
2826 2083 2843 2138 ;

579 2176 738 2220 nam
785 2157 850 2219 in
899 2157 1157 2220 mundo
1199 2157 1535 2240 spirituali
1581 2156 1771 2219 nulla
1814 2166 1922 2219 est
1968 2157 2290 2240 potentia
2332 2155 2539 2219 hircis
2580 2166 2845 2219 contra

578 2253 831 2315 arietes
889 2273 1009 2314 seu
1061 2273 1248 2324 oves,
1297 2272 1506 2335 quare
1557 2252 1726 2314 hirci
1784 2250 2135 2334 profligati
2192 2259 2395 2329 sunt;
2448 2260 2521 2313 et
2582 2261 2844 2333 postea

577 2345 819 2410 datum
857 2358 964 2410 est
1007 2346 1294 2409 eosdem
1331 2346 1563 2408 videre
1609 2354 1685 2408 ut
1729 2346 2068 2422 homines,
2107 2365 2229 2428 per
2265 2345 2450 2429 quod
2488 2355 2841 2409 testatum

576 2439 830 2504 sactum
875 2450 983 2503 est
1029 2439 1212 2522 quod
1256 2439 1426 2502 hirci
1470 2449 1707 2502 essent
1752 2439 1957 2502 iidem
2010 2459 2166 2502 curn
2219 2438 2357 2503 illis
2407 2440 2521 2523 qui
2572 2441 2645 2502 in
2699 2439 2841 2504 fide

577 2543 902 2617 separata
935 2554 975 2597 a
1007 2534 1348 2596 charitate
1387 2533 1454 2597 in
1492 2533 1753 2596 mundo
1783 2534 2128 2596 vixerunt.
2218 2533 2333 2596 Ex
2366 2532 2471 2596 his
2502 2543 2843 2597 constare

578 2638 814 2711 potest
845 2627 1006 2710 quid
1043 2647 1164 2710 per
1201 2629 1546 2691 “arietem
1563 2625 1595 2650 ’⁹
1626 2636 1699 2691 et
1730 2647 1853 2708 per
1886 2626 2271 2700 “hircum‚”
2303 2647 2559 2710 perque
2596 2633 2637 2660 ‘⁴
2658 2648 2845 2710 pug-

577 2743 738 2786 nam
771 2721 1068 2796 eorum,”
1092 2722 1274 2804 apud
1305 2721 1659 2786 Danielem
1694 2722 1877 2804 (cap.
1916 2722 2081 2804 viii.)
2123 2722 2595 2804 significatur;
2644 2725 2843 2806 quod

577 2837 828 2900 nempe
865 2837 986 2900 per
1013 2823 1053 2849 ‘⁴
1075 2815 1414 2880 arietem”
1436 2817 1528 2880 ibi
1559 2815 2046 2898 intelligantur
2068 2818 2182 2900 qui
2212 2818 2279 2880 in
2310 2815 2445 2880 fide
2480 2837 2573 2880 ex
2604 2817 2845 2882 chari-

576 2922 726 2976 tate
783 2921 967 2986 sunt,
1027 2921 1098 2974 et
1151 2931 1274 2993 per
1334 2910 1663 2973 “hircum
1688 2909 1721 2980 f’
1773 2909 1871 2974 illi
1928 2911 2041 2993 qui
2092 2913 2160 2974 in
2218 2910 2351 2974 fide
2408 2923 2741 2994 separata
2798 2933 2847 2975 a

574 3006 918 3070 charitate
941 3014 1102 3067 sunt
1129 3025 1140 3066 :
1190 3004 1605 3068 describitur
1627 3005 1864 3088 itaque
1888 3005 1981 3069 ibi
2013 3015 2241 3069 status
2272 3007 2623 3071 ecclesiae·
2644 3005 2843 3070 sutu-

575 3120 710 3175 rus,
749 3099 934 3183 quod
979 3118 1230 3180 nempe
1275 3097 1444 3162 fides
1487 3109 1813 3180 separata
1844 3117 2123 3164 omnem
2167 3099 2606 3175 charitatem,
2648 3121 2843 3182 quae

575 3205 683 3258 est
731 3197 986 3258 bonum
1033 3195 1242 3268 vitae,
1289 3194 1710 3276 dissipatura
1752 3195 1863 3268 sit,
1914 3205 1988 3256 et
2032 3196 2216 3278 quod
2260 3193 2507 3258 falsum
2553 3195 2719 3259 inde
2766 3197 2841 3258 in

575 3289 740 3352 orbe
767 3287 1162 3352 Christiano
1186 3288 1701 3351 dominaturum
1728 3288 1837 3351 sit.
1909 3287 2027 3350 Ad
2052 3287 2587 3352 illustrationem
2612 3288 2841 3353 velim

573 3385 639 3446 in
678 3402 946 3446 summa
989 3383 1334 3446 adducere
1369 3400 1543 3463 quae
1590 3381 1774 3464 apud
1809 3380 2163 3444 Danielem
2212 3380 2301 3444 de
2342 3382 2559 3446 ariete
2602 3391 2679 3446 et
2743 3385 2839 3448 de

572 3476 764 3540 hirco
799 3486 1294 3570 memorantur,
1333 3495 1510 3558 quae
1547 3475 1721 3538 haec
1754 3485 1956 3538 sunt:

671 3642 884 3694 Danieli
913 3643 968 3692 in
995 3642 1206 3690 visione
1231 3641 1378 3692 visus
1407 3651 1490 3690 est
1516 3641 1673 3696 aries.
1701 3641 1825 3690 “cui
1854 3640 1963 3690 duo
1991 3655 2233 3700 cornua„
2255 3679 2267 3692 .
2287 3656 2477 3692 ‚unum
2501 3643 2668 3692 altum
2697 3659 2839 3707 prae

831 3707 1039 3766 altero..
1061 3745 1074 3756 .
1094 3745 1104 3756 .
1128 3707 1245 3756 .sed
1269 3699 1707 3755 altum'ascendit
1734 3707 1999 3768 posterius
2022 3719 2057 3763 ς.
2079 3745 2091 3756 .
2111 3745 2123 3756 .
2145 3707 2257 3756 ,ille
2286 3699 2543 3770 magnum
2569 3721 2631 3757 se
2648 3711 2839 3760 reddi-

831 3773 910 3822 dit
929 3772 1000 3822 :”.
1023 3810 1034 3822 .
1055 3809 1068 3822 .
1088 3772 1208 3822 .sed
1235 3781 1362 3821 tunc
1383 3771 1602 3820 “hircus
1622 3785 1905 3834 caprarum
1924 3772 2074 3821 venit
2091 3773 2161 3821 ab
2178 3773 2457 3822 occidente
2476 3787 2639 3836 super
2658 3774 2839 3834 facies

831 3839 1008 3888 omnis
1027 3836 1274 3896 terrae‚'’.
1295 3875 1308 3887 .
1328 3875 1340 3886 .
1361 3852 1446 3886 ‚ac
1471 3837 1621 3886 irruit
1648 3837 1702 3886 in
1720 3837 1960 3896 arietem,
1982 3838 2242 3900 percussit
2267 3837 2434 3896 illum,
2453 3847 2507 3888 et
2532 3838 2693 3902 tregit
2722 3842 2842 3892 duo

831 3917 1036 3953 cornua
1061 3903 1196 3964 ejus,
1224 3904 1320 3952 “et
1347 3902 1574 3966 projecit
1602 3903 1827 3952 arietem
1858 3903 1913 3951 in
1944 3911 2157 3960 terram,
2182 3911 2237 3952 et
2264 3903 2600 3953 conculcavit
2634 3918 2767 3956 eum
2788 3907 2841 3957 ε’·

831 3979 947 4018 erat
982 3970 1030 4018 ei
1065 3983 1234 4018 cornu
1264 3968 1404 4016 inter
1431 3968 1632 4026 oculos,
1664 3977 1719 4016 et
1747 3983 1867 4018 cum
1898 3968 2000 4018 hoc
2029 3965 2259 4018 fractum
2289 3979 2388 4028 est,
2416 3971 2837 4023 “ascenderunt

829 4044 1059 4097 quatuor
1091 4049 1294 4084 cornua
1329 4033 1450 4084 loco
1484 4035 1619 4097 ejus,
1648 4035 1803 4098 juxta
1834 4043 2065 4099 quatuor
2094 4045 2286 4085 ventos
2320 4036 2627 4096 caelorum:
2668 4048 2731 4087 et
2765 4049 2839 4094 ex

831 4114 940 4148 uno
967 4101 1034 4149 de
1065 4101 1166 4150 illis
1195 4101 1364 4150 exivit
1394 4115 1561 4150 cornu
1589 4115 1782 4151 unum.
1802 4139 1814 4151 .
1836 4139 1873 4160 .,
1896 4102 2038 4165 quod
2070 4102 2236 4150 crevit
2266 4101 2461 4161 valde..
2483 4140 2496 4153 .
2514 4139 2527 4152 .
2548 4113 2627 4153 .et
2654 4117 2839 4169 usque

833 4165 902 4215 ad
925 4167 1216 4215 exercitum
1242 4166 1529 4225 caelorum,
1557 4176 1610 4215 et
1633 4165 1826 4229 dejecit
1852 4166 1905 4216 in
1932 4175 2131 4216 terram
2156 4166 2224 4216 de
2248 4169 2498 4227 exercitu,
2523 4178 2578 4218 et
2600 4169 2671 4218 de
2703 4172 2839 4220 stel-

829 4231 913 4289 lis,
936 4239 990 4280 et
1012 4231 1347 4282 conculcavit
1370 4245 1494 4283 eos:
1532 4231 1723 4282 immo.
1745 4231 1834 4282 ‚ad
1860 4232 2155 4295 principem
2174 4233 2441 4282 exercitus
2464 4233 2657 4284 extulit
2674 4249 2758 4294 se.
2778 4247 2839 4287 et

829 4297 900 4346 ab
937 4295 1064 4360 Ipso
1099 4297 1370 4348 sublatum
1413 4307 1496 4347 est
1531 4297 1675 4360 juge,
1709 4307 1765 4347 et
1794 4295 2094 4361 projectum
2130 4297 2492 4348 habitaculum
2526 4295 2833 4354 sanctuarii

832 4359 1010 4426 Ipsius
1030 4376 1066 4421 ς.
1088 4401 1100 4412 .
1119 4401 1131 4412 .
1155 4372 1230 4413 ‚et
1256 4362 1482 4425 projecit
1505 4363 1787 4412 veritatem
1813 4365 1867 4412 in
1892 4371 2090 4412 terram
2110 4360 2139 4381 ”
2162 4362 2291 4425 (viii.
2325 4375 2467 4424 1-14,
2492 4365 2664 4429 seq.):

567 4531 748 4618 quod
781 4550 901 4616 per
940 4533 1282 4597 “arietem
1300 4531 1332 4558 ’³
1371 4533 1460 4597 ibi
1499 4531 1981 4616 intelligantur
2019 4534 2131 4617 qui
2170 4534 2236 4596 in
2284 4531 2417 4598 fide
2454 4555 2546 4598 ex
2578 4533 2827 4601 ³chari-

567 4639 716 4694 tate
753 4638 933 4704 sunt,
975 4638 1045 4692 et
1085 4649 1206 4711 per
1247 4627 1565 4691 “hircum
1581 4625 1614 4652 ’⁹
1652 4626 1749 4691 illi
1786 4628 1900 4711 qui
1938 4628 2006 4691 in
2048 4626 2180 4692 fide
2219 4640 2539 4711 separata
2569 4650 2611 4694 a
2649 4629 2823 4696 cha-
