3259 5384
927 692 1089 744 CAP.
1123 692 1279 756 κη,
1313 691 1521 743 VERs.
1566 691 1823 760 13.--N.
1856 678 2000 760 758.
2415 689 2607 757 2127.

330 861 525 925 nihili
562 861 825 926 faciunt
868 863 937 926 in
983 860 1309 941 ecclesia;
1362 872 1435 927 et
1479 862 1638 946 quia
1682 862 1749 924 id
1795 861 2153 943 praecipue
2189 859 2442 926 faciunt
2486 859 2586 924 illi

328 955 581 1039 quibus
631 954 941 1020 doctrina
990 966 1099 1021 est
1151 957 1335 1039 quod
1388 956 1536 1020 sola
1584 955 1755 1021 fides
1793 954 2139 1038 justificet,
2187 964 2259 1019 et
2313 974 2586 1036 prorsus

328 1063 471 1108 non
516 1045 675 1108 vita
718 1044 897 1120 fidei,
942 1065 1117 1128 quae
1166 1054 1276 1108 est
1328 1045 1629 1109 charitas
1681 1061 1766 1118 (de
1793 1073 1893 1119 qua
1917 1075 2078 1120 supra,
2109 1074 2156 1107 n.
2187 1059 2406 1124 71401,
2442 1057 2587 1123 715.

327 1133 477 1212 716.
500 1135 658 1214 718,
681 1149 854 1214 737),
886 1134 1046 1198 inde
1080 1154 1199 1217 per
1227 1135 1659 1198 “draconem
1677 1135 1709 1159 ”
1739 1133 1848 1198 hic
1881 1132 2310 1215 significatur
2338 1132 2586 1214 religio

330 1225 545 1288 solius
578 1224 742 1288 fidei
777 1235 1133 1308 separatae
1169 1247 1209 1290 a
1240 1227 1383 1291 vita
1414 1226 1805 1291 charitatis:
1853 1236 1926 1291 et
1963 1247 2054 1290 ex
2089 1223 2586 1308 significatione

335 1317 689 1400 “projecti
733 1320 801 1382 in
846 1319 1157 1394 terram,’'
1193 1320 1377 1403 quod
1422 1321 1513 1384 sit
1555 1321 1740 1403 quod
1784 1330 2138 1402 separatus
2181 1340 2226 1382 a
2261 1317 2462 1403 caelo
2507 1337 2586 1382 ac

331 1409 719 1474 damnatus
748 1410 1016 1474 inferno
1044 1425 1131 1488 (de
1156 1440 1257 1485 qua
1279 1439 1441 1487 supra.
1468 1441 1519 1477 ιι.
1547 1424 1772 1492 739[a].
1795 1426 1938 1491 742.
1961 1410 2220 1492 746[a]);
2257 1409 2442 1492 quod
2475 1407 2584 1472 hic

332 1519 453 1582 per
511 1504 556 1533 “
578 1497 923 1581 projectus
972 1521 1123 1564 esse
1174 1503 1243 1564 in
1296 1511 1547 1565 terram
1563 1500 1593 1525 '’
1647 1498 2061 1582 significetur
2113 1500 2296 1582 quod
2347 1499 2588 1579 religio

330 1591 451 1657 illa
490 1613 641 1658 non
670 1604 1176 1674 agnosceretur,
1210 1595 1331 1658 sed
1370 1615 1493 1676 pro
1523 1593 1638 1659 vili
1676 1593 2060 1669 haberetur,
2095 1604 2199 1658 est
2238 1593 2395 1676 quia
2426 1593 2587 1654 dum

332 1686 597 1770 aliquid
646 1687 990 1770 religionis
1041 1698 1161 1752 aut
1207 1686 1555 1753 doctrinae
1612 1709 1749 1752 non
1803 1689 2178 1753 concordat
2225 1706 2379 1752 cum
2425 1706 2589 1749 vero

334 1790 405 1844 et
444 1782 665 1858 bone,
686 1791 848 1846 tunc
874 1791 1228 1865 separatur
1250 1801 1293 1844 a
1318 1782 1531 1858 caelo,
1566 1793 1639 1847 et
1676 1803 1813 1847 non
1851 1782 2139 1864 amplius
2171 1781 2585 1863 agnoscitur,

336 1874 456 1940 sed
495 1895 633 1958 pro
661 1875 777 1939 vili
811 1876 1121 1942 habetur.
1211 1876 1367 1958 Hoc
1405 1875 1480 1942 fit
1518 1877 1808 1960 primum
1843 1878 1912 1940 in
1950 1875 2207 1940 mundo
2236 1858 2598 1957 spirituali:

336 1978 411 2033 et
442 1980 701 2050 postea
734 1971 801 2034 in
839 1971 1096 2034 mundo
1134 1971 1463 2050 natura1i;
1512 1991 1672 2037 nam
1708 1972 1776 2034 in
1815 1969 2062 2034 talibus
2099 1985 2272 2052 quae
2310 1968 2478 2032 caeli
2516 1978 2590 2033 et

336 2062 679 2127 ecclesiae
732 2073 911 2139 sunt,
966 2075 1249 2148 uterque
1303 2064 1593 2130 mundus
1647 2083 1852 2128 unum
1904 2065 2088 2146 agit;
2150 2063 2356 2126 homo
2408 2063 2590 2125 enim

338 2158 449 2238 qui
506 2159 583 2220 in
648 2158 905 2222 mundo
956 2158 1248 2222 naturali
1297 2159 1487 2234 vivit,
1543 2158 1630 2222 de
1683 2157 2140 2240 spiritualibus
2194 2176 2330 2220 non
2389 2156 2591 2220 aliter

338 2260 579 2332 potest
630 2253 933 2333 cogitare
978 2271 1183 2334 quam
1225 2252 1403 2316 sicut
1454 2251 1682 2334 angeli
1735 2262 1807 2317 et
1860 2252 2130 2335 spiritus
2174 2251 2356 2332 apud
2399 2248 2589 2313 illum

339 2345 687 2426 cogitant,
714 2346 1032 2427 quoniam
1060 2345 1433 2426 spiritualia
1455 2356 1614 2409 sunt
1648 2365 1847 2427 supra
1871 2346 2363 2426 cogitationem
2389 2353 2590 2408 natu·

339 2436 555 2500 talem
600 2436 912 2513 hominiS,
952 2445 1023 2501 et
1069 2457 1241 2521 quae
1288 2457 1490 2519 supra
1527 2447 1708 2512 sunt,
1749 2437 2142 2519 dependent
2180 2456 2271 2500 ex
2307 2435 2588 2512 influxu,

339 2532 631 2594 tametsi
687 2519 870 2593 eum'
901 2531 1109 2594 modo
1160 2532 1493 2612 recipiunt
1550 2530 1650 2595 illi
1709 2532 1818 2614 qui
1880 2531 2159 2596 interius
2211 2529 2592 2611 spirituales

340 2634 523 2699 sunt,
576 2625 694 2706 qui
744 2634 903 2690 sunt
949 2625 1061 2708 qui
1106 2624 1175 2688 in
1220 2621 1575 2688 affectione
1620 2627 1762 2688 veri
1808 2635 2086 2706 propter
2128 2643 2362 2686 verum
2409 2633 2588 2698 sunt,

342 2720 451 2799 qui
496 2719 715 2782 etiam
758 2727 919 2783 sunt
964 2719 1077 2801 qui
1121 2719 1359 2782 vivunt
1404 2719 1776 2783 secundum
1822 2739 2020 2794 vera;
2075 2718 2164 2782 ab
2208 2718 2311 2781 his
2355 2717 2593 2799 religio

339 2809 497 2876 fidei
551 2823 915 2893 separatae
965 2833 1008 2876 a
1058 2813 1203 2876 vita
1245 2812 1599 2876 charitatis
1646 2831 1784 2876 non
1830 2813 2248 2894 agnoscitur,
2295 2811 2416 2874 sed
2472 2831 2594 2892 pro

340 2905 455 2968 vili
498 2905 817 2970 habetur.
904 2903 1133 2969 Aliter
1176 2906 1265 2969 ab
1309 2905 1441 2970 illis
1486 2907 1599 2988 qui
1645 2925 1784 2971 non
1829 2903 2211 2969 afficiuntur
2247 2905 2421 2968 veris
2469 2905 2594 2969 nisi

342 3008 631 3080 propter
665 2996 934 3073 famam,
974 2997 1269 3061 honores
1305 3007 1377 3062 et
1414 2997 1620 3073 lucra,
1655 2995 1937 3080 proinde
1975 2997 2087 3080 qui
2122 2997 2333 3060 vitam
2372 2996 2590 3060 chari-

341 3092 508 3156 tatis
548 3091 740 3154 nihili
778 3091 1069 3168 faciunt;
1124 3091 1192 3155 hi
1238 3111 1373 3154 non
1409 3091 1705 3174 aliquem
1741 3089 2071 3155 influxum
2109 3111 2146 3154 e
2193 3089 2387 3153 caelo
2423 3089 2593 3154 reci-

344 3185 564 3267 piunt,
616 3205 819 3268 quare
866 3204 1072 3248 unum
1117 3185 1370 3249 faciunt
1415 3205 1567 3249 cum
1614 3184 1915 3264 infern03
1977 3184 2045 3248 hi
2097 3193 2256 3248 sunt
2309 3184 2422 3267 qui
2475 3202 2597 3266 per

348 3284 389 3312 “
402 3280 779 3343 draconem
796 3278 826 3303 ”
865 3278 1352 3360 significantur.

462 3371 667 3454 758.
726 3371 1146 3434 “Poe-swam
1174 3377 1278 3434 ost
1304 3370 1619 3433 mulier-om
1655 3390 1817 3452 quae
1840 3369 2086 3453 peperit
2111 3359 2598 3432 maseuluin.''—

346 3461 553 3546 Quod
594 3463 928 3545 significet
964 3463 1145 3546 quod
1170 3462 1293 3538 illi,
1330 3463 1451 3546 qui
1470 3473 1599 3544 per
1632 3468 1672 3495 ‘⁴
1689 3464 2034 3527 draconem
2048 3461 2079 3488 ’⁹
2109 3461 2592 3542 intelliguntur,

344 3577 429 3620 ex
470 3555 625 3622 odio
666 3568 732 3621 et
772 3557 1123 3621 inimicitia
1157 3556 1497 3640 rq'icerent
1536 3567 1600 3620 et
1641 3556 2210 3621 calumniarentur
2239 3553 2592 3629 ecclesiam,

346 3671 515 3734 quae
548 3661 654 3714 est
684 3650 885 3715 Nova
920 3650 1405 3732 Hierosolyma,
1447 3652 1605 3733 quia
1643 3651 1710 3714 ei
1738 3651 2044 3714 doc‘lrina
2079 3649 2278 3726 vitae,
2319 3657 2637 3733 constat·

347 3765 439 3809 ex
475 3742 974 3828 significatione
1012 3751 1050 3776 “
1073 3744 1441 3828 persequi,”
1478 3764 1632 3809 cum
1678 3744 1764 3808 de
1809 3744 1940 3807 illis
1976 3745 2088 3827 qui
2133 3763 2251 3825 per
2293 3747 2332 3775 “
2354 3741 2594 3805 draco-

350 3839 555 3903 nem'’
593 3838 1087 3922 intelliguntur,
1127 3838 1310 3921 quod
1356 3839 1446 3901 sit
1491 3859 1582 3901 ex
1628 3839 1788 3903 odio
1833 3847 1903 3902 et
1941 3838 2288 3901 inimicitia
2324 3836 2596 3917 rejicere

350 3941 419 3994 et
466 3929 873 3994 calumniari
918 3945 1003 4006 (de
1023 3959 1123 4004 qua
1140 3946 1419 4008 sequitur);
1478 3950 1569 3993 ex
1620 3928 2127 4012 significatione
2176 3925 2598 4003 “mulieriS,'’

351 4022 534 4102 quod
582 4021 673 4083 sit
718 4019 1013 4083 ecclesia
1054 4040 1229 4102 quae
1274 4017 1480 4082 Nova
1524 4018 2019 4100 Hierosolyma
2062 4029 2354 4082 vocatur
2396 4032 2482 4093 (de
2501 4046 2602 4091 qua

348 4123 1297 4190 supra,n.7o7.721[a)‚730[a]);
1358 4119 1429 4172 et
1482 4129 1573 4171 ex
1626 4107 2134 4189 significatione
2189 4104 2598 4181 “masculi,”

351 4201 533 4286 quod
581 4203 670 4265 sit
716 4199 1025 4265 doctrina
1068 4200 1244 4264 illius
1289 4200 1639 4275 ecclesiae,
1688 4220 1860 4282 quae
1912 4210 2019 4263 est
2065 4195 2374 4263 doctrina
2418 4199 2598 4261 vitae

352 4307 437 4368 (de
456 4322 560 4368 qua
577 4321 807 4368 supra.n.
830 4307 1055 4374 724[a],
1077 4305 1267 4373 725):
1321 4290 1481 4354 inde
1512 4301 1792 4355 constat
1829 4291 2014 4374 quod
2054 4288 2321 4353 “draco
2363 4307 2597 4372 perse·

353 4395 551 4449 cutus
586 4387 673 4449 sit
706 4383 1054 4448 mulierem
1086 4404 1258 4466 quae
1290 4384 1552 4466 peperit
1584 4381 2018 4460 masculum,”
2049 4379 2386 4464 significet
2416 4379 2598 4464 quod

354 4475 470 4553 illi,
504 4477 620 4561 qui
649 4497 768 4559 per
795 4479 837 4510 ‘⁴
858 4476 1225 4540 draconem
1244 4475 1275 4500 ”
1306 4475 1801 4558 intelliguntur,
1835 4495 1927 4539 ex
1958 4475 2116 4538 odio
2147 4483 2219 4537 et
2251 4473 2601 4538 inimicitia

355 4567 661 4650 rejicient
692 4577 763 4632 et
792 4566 1386 4633 calumniabuntur
1410 4564 1794 4639 ecclesiam,
1821 4583 1996 4646 quae
2027 4562 2227 4626 Nova
2260 4561 2586 4625 Hieroso-

356 4659 566 4744 lyma,
598 4662 753 4746 quia
782 4661 846 4725 ei
878 4657 1187 4725 doctrina
1216 4659 1421 4724 vitae.
1514 4657 1719 4740 Quod
1749 4657 2116 4741 “persequi
2131 4655 2163 4682 ’⁹
2187 4655 2296 4719 hic
2331 4653 2586 4736 signifi·
