3259 5384
616 632 788 680 2020
1236 626 1738 679 APOCALYPSIS
1783 625 2234 678 EXPLICATA.

614 798 867 862 bonurn
914 806 986 862 et
1031 817 1267 861 verum
1312 798 1379 860 in
1427 796 1742 873 ecclesia,
1784 816 1944 861 nam
1992 794 2292 879 “panis'’
2337 796 2448 861 hic
2497 804 2858 879 utrumque

613 889 955 972 significat
980 914 995 969 3
1042 912 1248 973 quare
1274 893 1595 974 sequitur,
1627 898 1668 924 ‘⁴
1687 902 1762 956 ut
1787 892 2157 956 comedant
2189 910 2435 973 panem
2461 891 2528 953 in
2555 891 2856 973 pondere

613 995 687 1047 et
747 984 1225 1059 sollicitudine,
1277 996 1350 1049 et
1404 985 1644 1049 bibant
1696 1006 1906 1069 aquas
1960 986 2026 1048 in
2083 983 2458 1058 mensura,”
2509 1004 2630 1066 per
2681 1005 2857 1066 quae

614 1078 1036 1161 significatur
1073 1077 1375 1143 descetus
1418 1080 1581 1143 boni
1624 1090 1698 1144 et
1734 1080 1897 1153 veri,
1940 1089 2011 1143 et
2058 1080 2216 1143 inde
2263 1080 2618 1161 potentiae
2655 1079 2857 1142 resis-

615 1175 807 1237 tendi
839 1174 1037 1237 malis
1069 1184 1140 1237 et
1172 1174 1375 1237 falsis,
1466 1172 1727 1238 Similia
1758 1172 2230 1255 significantur
2261 1193 2382 1257 per

726 1308 995 1372 Frangere
1040 1308 1287 1357 baculum
1336 1308 1494 1371 panis
1532 1318 1589 1357 et
1628 1322 1798 1371 aquae
1837 1306 2058 1369 (Bacch,
2093 1320 2207 1369 cap.
2243 1320 2294 1357 v.
2333 1305 2426 1366 16;
2471 1320 2584 1369 cap.
2618 1306 2725 1356 xiv.
2763 1316 2858 1365 13:

874 1374 1075 1424 Psalm.
1100 1388 1179 1424 cv.
1210 1375 1298 1424 16:
1336 1374 1502 1423 Levit.
1526 1374 1670 1423 xxvi.
1693 1374 1793 1434 26).

616 1504 806 1570 Sicut
856 1506 1155 1587 “virga”
1200 1516 1270 1570 et
1322 1503 1706 1568 “baculus”
1751 1503 2141 1587 significant
2197 1503 2579 1585 potentiam
2627 1500 2858 1565 Divini

616 1598 801 1676 Veri,
819 1610 890 1664 et
912 1600 1066 1663 inde
1090 1599 1407 1662 Divinum
1432 1598 1692 1662 Verum
1712 1598 1937 1681 quoad
1960 1599 2366 1680 potentiam,
2385 1597 2542 1660 ideo
2561 1601 2601 1628 “
2617 1597 2810 1676 virga
2827 1594 2858 1619 ''

616 1704 688 1758 et
717 1695 1054 1758 “baculus
1070 1693 1100 1719 ’⁹
1125 1695 1191 1758 in
1224 1695 1547 1777 opposito
1580 1714 1783 1757 sensu
1809 1694 2019 1756 etiam
2045 1690 2435 1775 significant
2468 1692 2858 1774 potentiam

616 1786 766 1853 falsi
804 1789 1165 1864 infernaliS,
1206 1799 1276 1853 et
1315 1788 1471 1852 inde
1509 1786 1748 1850 falsum
1791 1786 2116 1851 infernale
2154 1786 2379 1869 quoad
2425 1786 2857 1868 potentiam;

616 1885 681 1947 in
716 1884 845 1946 hoc
880 1903 1083 1946 sensu
1116 1884 1433 1947 dicuntur
1468 1880 1763 1963 “virga”
1792 1892 1865 1946 et
1896 1879 2234 1944 “baculus
2249 1878 2282 1905 '’
2312 1880 2380 1944 in
2415 1878 2860 1962 sequentibus

616 1978 784 2042 locis
808 1976 1122 2060 :—-Apud
1153 1974 1462 2052 Esaiam,

714 2124 744 2146 ‘⁸
760 2122 1043 2185 Confregit
1064 2122 1310 2188 Jehovah
1332 2123 1581 2172 baculum
1606 2122 1911 2185 impiorum,
1933 2120 2142 2185 virgam
2167 2118 2560 2171 dominantium
2573 2117 2606 2139 ”
2624 2117 2752 2182 (xiv.
2779 2118 2857 2180 5):

614 2282 736 2345 per
762 2266 802 2294 ‘⁸
820 2260 1243 2343 confringere
1279 2261 1597 2325 baculum
1625 2262 1984 2343 impiorum
2007 2259 2038 2286 ”
2063 2258 2482 2342 significatur
2505 2257 2860 2323 destruere

614 2357 1000 2439 potentiam
1026 2354 1175 2419 falsi
1200 2377 1289 2418 ex
1316 2354 1499 2419 malo
1525 2378 1539 2436 ;
1587 2366 1660 2420 et
1695 2376 1812 2438 per
1841 2362 1880 2387 ‘⁶
1899 2355 2326 2435 confringere
2351 2354 2610 2435 virgam
2637 2354 2859 2416 domi-

618 2449 973 2512 nantium'’
1004 2448 1423 2531 significatur
1453 2450 1825 2514 dominium
1858 2448 2024 2513 falsi.
2115 2448 2325 2531 Apud
2355 2447 2708 2522 Davidem,

715 2586 745 2608 ⁸⁴
760 2582 883 2633 Non
908 2584 1181 2633 incumbet
1202 2584 1424 2633 baculus
1447 2584 1740 2646 impietatis
1763 2597 1926 2646 super
1948 2593 2096 2633 sorte
2119 2583 2402 2645 justorum,
2420 2591 2480 2632 ut
2503 2596 2613 2631 non
2639 2582 2862 2632 mittant

874 2649 1005 2712 justi
1029 2650 1083 2699 in
1110 2650 1517 2713 perversitatem
1544 2664 1737 2699 manus
1761 2664 1889 2699 suas
1907 2647 1935 2668 ''
1959 2648 2070 2711 (ΡΒ.
2095 2664 2247 2699 cxxv.
2278 2651 2359 2709 3):

620 2781 959 2845 “baculus
1005 2782 1375 2863 impietatis
1393 2780 1424 2806 '’
1470 2779 1812 2863 significat
1861 2781 2243 2863 potentiam
2298 2778 2447 2843 falsi
2491 2800 2584 2843 ex
2630 2778 2857 2858 malo:

621 2882 877 2957 “super
902 2886 1089 2939 sorte
1112 2875 1447 2955 justorum
1464 2874 1496 2899 ’'
1522 2872 1865 2957 significat
1892 2894 2093 2956 super
2115 2875 2295 2937 veris
2325 2893 2416 2936 ex
2449 2874 2654 2946 bon0,
2683 2894 2860 2956 quae

614 2981 775 3033 sunt
829 2970 1007 3052 apud
1062 2968 1317 3044 fideleS,
1372 2971 1439 3033 in
1494 2970 1720 3051 specie
1773 2968 1953 3051 apud
2011 2969 2168 3033 illos
2221 2970 2332 3050 qui
2383 2969 2452 3031 in
2505 2987 2737 3031 amore
2789 2969 2856 3031 in

616 3063 987 3127 Dominum
1033 3075 1215 3139 sunt,
1264 3083 1423 3127 nam
1470 3063 1565 3128 illi
1611 3064 1680 3126 in
1729 3061 1964 3127 Verbo
2008 3064 2324 3127 dicuntur
2371 3061 2584 3143 “justi
2610 3061 2662 3139 ;”
2713 3067 2858 3125 “ne

616 3160 900 3221 mittant
927 3157 1091 3239 justi
1129 3159 1196 3220 in
1235 3158 1756 3240 perversitatem
1791 3176 2031 3220 manus
2063 3175 2216 3219 suas
2232 3155 2262 3181 '⁹
2293 3154 2635 3237 significat
2670 3175 2756 3219 ne
2789 3156 2860 3220 hi

614 3251 975 3317 falsificent
1009 3273 1187 3315 vera.
1280 3252 1359 3315 In
1406 3250 1714 3327 Threnis,

714 3384 875 3449 “Ego
903 3386 985 3435 vir
1008 3386 1097 3449 qui
1124 3384 1259 3435 vidit
1284 3385 1556 3434 miseriam
1586 3400 1683 3449 per
1710 3384 1916 3447 virgam
1947 3382 2144 3434 furoris
2171 3383 2305 3447 ejus,
2331 3398 2416 3433 me
2445 3382 2597 3433 duxit
2627 3384 2682 3433 in
2712 3392 2859 3434 tene-

874 3452 999 3512 bris,
1023 3460 1080 3502 et
1102 3466 1213 3501 non
1238 3452 1292 3500 in
1320 3452 1489 3500 lucem
1508 3449 1539 3471 '⁹
1561 3451 1653 3512 (iii.
1683 3462 1724 3510 1,
1751 3455 1832 3512 2):

614 3588 783 3650 haec
819 3582 1002 3649 diota
1038 3595 1197 3649 sunt
1236 3584 1320 3647 de
1353 3584 1836 3647 devastatione
1873 3582 2228 3657 ecclesiae,
2270 3592 2339 3647 et
2379 3602 2499 3665 per
2531 3582 2854 3664 “virgam

612 3679 896 3745 furoris”
939 3677 1360 3761 significatur
1404 3678 1776 3741 dominium
1822 3676 1972 3741 falsi
2017 3676 2399 3754 infernalis;
2451 3681 2618 3739 “me
2656 3678 2855 3740 duxit

613 3786 685 3840 et
719 3774 1007 3838 deduxit
1041 3775 1106 3835 in
1141 3772 1462 3847 tenebriS,
1491 3783 1561 3836 et
1596 3792 1734 3835 non
1768 3773 1833 3833 in
1870 3770 2152 3847 lucem,”
2177 3769 2517 3852 significat
2550 3770 2619 3832 in
2652 3770 2854 3833 meris

613 3870 818 3943 salsis»,
852 3879 923 3933 et
956 3870 1049 3931 sic
1086 3887 1222 3930 non
1255 3868 1341 3929 ad
1377 3888 1555 3929 vera.
1650 3865 1856 3949 Apud
1890 3864 2202 3935 Esaiam.

711 4010 949 4077 “jug-um
986 4011 1167 4060 oneris
1201 4010 1337 4072 ejus,
1371 4018 1426 4060 et
1459 4008 1705 4059 baculum
1741 4008 1950 4059 humeri
1991 4008 2125 4072 ejus,
2160 4008 2369 4071 virgam
2411 4006 2677 4070 exigentis
2712 4020 2836 4057 eum

873 4078 1186 4139 confregisti
1204 4075 1230 4096 '¹
1254 4077 1344 4137 (ix.
1371 4089 1401 4137 3
1428 4070 1519 4139 [B.
1545 4077 1613 4125 A.
1638 4070 1748 4138 4]):

610 4207 781 4273 haec
835 4209 923 4273 de
982 4208 1323 4290 gentibuS,
1380 4227 1551 4291 quae
1612 4207 1679 4270 in
1734 4206 1918 4271 falsis
1969 4206 2239 4270 fuerunt
2293 4226 2384 4269 ex
2436 4205 2849 4288 ignorantia,

610 4304 768 4387 quia
812 4322 951 4368 non
998 4304 1130 4367 illis
1174 4303 1296 4366 fuit
1345 4300 1676 4377 Verbum,
1717 4312 1788 4366 et
1835 4301 1990 4365 inde
2037 4321 2171 4363 non
2223 4311 2426 4363 notus
2475 4299 2848 4377 Dominus;

611 4398 865 4462 malum
900 4418 1033 4480 quo
1064 4398 1331 4478 gravati
1364 4405 1543 4471 sunt,
1572 4406 1646 4460 et
1677 4395 1919 4459 falsum
1944 4416 2077 4479 quo
2111 4395 2433 4469 infestati,
2462 4391 2850 4475 significan-

610 4503 722 4558 tur
774 4513 894 4575 per
949 4491 1242 4574 “jugum
1296 4490 1580 4565 oneri5,”
1633 4511 1752 4573 per
1808 4489 2179 4553 “baculum
2233 4488 2556 4564 humeri,”
2607 4498 2679 4551 et
2736 4508 2850 4571 per

612 4588 936 4671 “virgam
974 4586 1319 4668 exigentis
1342 4584 1397 4666 ;'’
1442 4584 1560 4649 illa
1598 4586 1950 4649 destruere
1997 4583 2419 4666 significatur
2463 4602 2586 4667 per
2625 4588 2847 4647 “con-
