3259 5384
653 648 824 699 2100
1184 687 1191 692 .
1272 647 1773 702 APOCALYPSIS
1815 647 2271 700 EXPLICATA.

772 813 897 896 [6.]
948 813 1098 896 (iv.)
1142 812 1346 892 Quod
1363 834 1587 880 omnes
1618 814 1739 881 illi
1767 815 2086 896 “fratres
2099 813 2132 841 ’⁹
2161 835 2208 882 a
2233 815 2524 880 Domino
2550 815 2897 890 dicantur,

646 905 768 986 qui
802 905 1039 987 Ipsum
1080 917 1465 988 agnoscunt,
1514 917 1579 972 et
1627 907 1698 970 in
1751 906 1913 972 bono
1955 906 2319 972 charitatis
2371 906 2458 970 ab
2507 907 2668 988 Ipso
2707 917 2900 982 sunt,

593 1071 605 1080 ,
646 1001 950 1083 sequitur
994 1021 1084 1064 ex
1131 1021 1236 1076 eo,
1272 1001 1459 1084 quod
1500 1001 1837 1066 Dominus
1877 1002 1971 1066 sit
2014 1003 2320 1066 omnium
2358 1001 2582 1076 Pater,
2621 1011 2697 1066 et
2743 1021 2902 1066 om·

648 1095 831 1158 nium
868 1091 1151 1171 Doctor,
1190 1105 1263 1160 et
1294 1115 1387 1158 ex
1427 1095 1589 1177 Ipso
1635 1106 1710 1161 ut
1750 1095 1952 1160 Patre
1989 1106 2097 1161 est
2133 1113 2338 1160 omne
2374 1096 2632 1160 bonum
2671 1096 2900 1160 chari·

646 1189 833 1264 tatis,
872 1197 946 1252 et
992 1208 1083 1253 ex
1130 1189 1291 1271 Ipso
1336 1199 1411 1254 ut
1458 1185 1762 1254 Doc‘tore
1806 1201 1914 1256 est
1959 1207 2166 1256 omne
2201 1211 2438 1256 verum
2483 1189 2666 1254 illius
2711 1191 2898 1256 boni.

646 1280 875 1362 Quare
911 1281 1077 1346 dicit
1114 1282 1451 1346 Dominus
1486 1283 1670 1366 apud
1707 1283 2154 1360 Matthaeum,

746 1415 903 1466 “Vos
947 1415 1114 1466 nolite
1148 1417 1329 1466 vocari
1365 1413 1606 1474 Ὁοᾶοτς
1651 1431 1791 1467 unus
1831 1419 1976 1468 enim
2016 1428 2102 1468 est
2135 1427 2317 1468 vester
2351 1415 2571 1478 ῡοᾶοτ,
2607 1417 2902 1478 Christus:

904 1496 1097 1532 omues
1123 1492 1304 1532 autem
1334 1497 1433 1534 voe
1463 1483 1658 1534 fratres
1683 1483 1834 1534 estis.
1905 1483 1972 1534 Et
2003 1483 2216 1534 Patrem
2241 1494 2480 1550 vestrum
2507 1500 2578 1534 ne
2602 1487 2814 1536 vocetis
2841 1487 2899 1536 in

905 1557 1076 1607 terra3
1113 1561 1251 1597 unus
1276 1562 1509 1611 namque
1532 1559 1615 1598 est
1643 1547 1803 1598 Pater
1823 1559 2003 1598 vester
2025 1549 2115 1614 qui
2138 1550 2196 1598 in
2217 1549 2381 1600 caelis
2406 1560 2489 1600 est
2500 1549 2529 1570 ”
2547 1550 2716 1612 (xxiii.
2741 1552 2792 1612 8,
2813 1551 2898 1614 9):

643 1701 735 1744 ex
788 1679 893 1744 his
948 1680 1308 1744 manifeste
1358 1689 1555 1764 patet
1614 1680 1799 1764 quod
1851 1682 2062 1746 verba
2113 1682 2392 1746 Domini
2445 1683 2900 1766 spiritualiter

642 1773 1094 1856 intelligenda
1131 1775 1309 1852 sint3
1358 1793 1517 1837 nam
1554 1775 1702 1857 quis
1740 1795 1878 1838 non
1917 1784 2151 1857 potest
2185 1777 2418 1840 vocari
2458 1775 2741 1853 Ductor,
2781 1779 2898 1860 qui

640 1865 882 1932 doctor
912 1868 1063 1932 est?
1110 1879 1181 1933 et
1212 1869 1360 1951 quis
1392 1889 1529 1932 non
1563 1868 1784 1943 Pater,
1820 1870 1932 1951 qui
1969 1879 2077 1933 est
2109 1871 2348 1952 pater?
2439 1869 2540 1936 At
2573 1872 2732 1954 quia
2767 1893 2899 1956 per

645 1970 969 2048 “patrem
988 1961 1021 1988 ”
1061 1962 1477 2045 significatur
1522 1963 1798 2037 bonum,
1847 1973 1918 2028 et
1965 1983 2084 2046 per
2133 1964 2464 2029 “Patrem
2511 1966 2577 2028 in
2625 1963 2898 2029 caelis”

642 2055 965 2121 Divinum
1026 2055 1315 2132 Bonum,
1378 2065 1449 2121 et
1510 2057 1666 2139 quia
1724 2077 1844 2140 per
1899 2053 2360 2122 “doctorem''
2411 2079 2533 2124 seu
2589 2057 2847 2123 “rabbi
2865 2057 2897 2085 ''

641 2150 1061 2235 significatur
1096 2171 1351 2228 verum,
1392 2161 1462 2216 et
1488 2172 1615 2234 per
1656 2149 2090 2217 “Doctorem
2128 2149 2475 2219 Christum
2492 2154 2523 2178 ”
2563 2153 2895 2218 Divinum

640 2245 922 2321 Verum,
950 2246 1125 2320 ideo,
1154 2255 1434 2327 propter
1458 2245 1878 2328 spiritualem
1905 2265 2181 2310 sensum
2206 2247 2274 2311 in
2305 2247 2620 2312 omnibus
2645 2247 2893 2324 Verbi,

640 2338 886 2404 dicitur
920 2341 1103 2422 quod
1146 2344 1341 2402 “non
1387 2349 1655 2421 patrem
1699 2342 1768 2402 in
1809 2350 2001 2404 ‘terra
2043 2351 2375 2406 vocarent
2421 2342 2718 2417 Patrem,
2759 2359 2894 2406 nec

638 2435 931 2517 aliquem
971 2430 1341 2498 Doctorem
1368 2433 1421 2512 ;'’
1466 2453 1714 2518 nempe
1751 2436 1816 2498 in
1851 2435 2182 2518 spirituali
2215 2456 2440 2511 sensu,
2476 2455 2613 2500 non
2653 2447 2896 2502 autem

640 2529 709 2594 in
756 2527 1086 2592 naturali:
1142 2529 1211 2592 in
1256 2528 1551 2593 naturali
1596 2549 1801 2593 sensu
1837 2531 2068 2594 vocari
2113 2539 2402 2612 possunt
2446 2527 2772 2596 doctores
2815 2541 2895 2596 et

644 2631 897 2706 patra,
936 2621 1059 2686 sed
1097 2623 1722 2703 repraesentative3
1778 2643 2024 2706 nempe
2067 2625 2252 2706 quod
2297 2621 2616 2688 doctores
2655 2625 2896 2691 mundi

642 2716 914 2799 quidem
958 2715 1255 2779 doceant
1300 2735 1557 2790 verum,
1596 2716 1720 2780 sed
1766 2737 1904 2781 non
1951 2737 1992 2781 a
2037 2738 2110 2782 se
2155 2718 2278 2782 sed
2323 2739 2365 2782 a
2411 2718 2760 2799 Domino;
2817 2731 2894 2786 et

640 2811 822 2895 quod
860 2819 1092 2893 patres
1130 2811 1362 2873 mundi
1399 2811 1671 2894 quidem
1702 2813 1840 2876 sint
1879 2812 2061 2889 boni,
2103 2821 2174 2876 et
2210 2813 2468 2878 ducant
2509 2813 2762 2878 liberos
2801 2816 2892 2880 ad

639 2905 915 2980 bonum,
956 2902 1075 2968 sed
1124 2923 1262 2968 non
1306 2925 1347 2969 a
1390 2925 1465 2969 se
1510 2906 1630 2970 sed
1677 2925 1719 2970 a
1765 2905 2102 2970 Domino:
2156 2907 2318 2971 *inde
2364 2910 2666 2991 sequitur
2703 2910 2893 2994 quod

640 3000 921 3063 tametsi
956 3009 1292 3064 vocantur
1326 2997 1646 3064 doctores
1683 3010 1757 3064 et
1795 3011 2052 3084 patres,
2092 3021 2302 3085 usque
2349 3021 2488 3066 non
2531 3004 2670 3068 sint
2717 3005 2892 3070 doc-

639 3103 826 3158 tores
864 3101 935 3156 et
967 3102 1218 3175 patreS,
1254 3093 1376 3157 sed
1407 3093 1628 3157 solum
1664 3095 2034 3159 Dominus:
2079 3100 2386 3159 “vocare
2409 3095 2438 3122 ”
2469 3107 2540 3162 et
2576 3101 2894 3164 “vocare

641 3185 965 3251 nomine”
1026 3187 1341 3270 aliquem,
1404 3189 1471 3251 in
1536 3187 1773 3253 Verbo
1834 3191 2043 3254 etiam
2105 3189 2446 3272 significat
2505 3211 2894 3273 agnoscere

639 3281 840 3365 quale
876 3281 1173 3362 alicujus.
1264 3280 1443 3363 Quia
1480 3302 1721 3347 omnes
1767 3283 1834 3346 in
1881 3284 2078 3348 caelo
2123 3294 2196 3348 et
2240 3285 2307 3347 in
2345 3283 2642 3349 ecclesia
2677 3287 2892 3352 disci-

639 3375 778 3460 puli
814 3385 886 3439 et
920 3375 1033 3439 filii
1069 3374 1345 3439 Domini
1378 3387 1537 3440 sunt
1570 3386 1645 3440 ut
1678 3375 1998 3442 Doctoris
2029 3397 2108 3442 ac
2149 3389 2223 3442 ut
2256 3378 2495 3454 Patris,
2529 3380 2687 3444 ideo
2717 3382 2892 3446 dicit

564 3509 573 3524 .
642 3467 1001 3546 Dominus,
1034 3467 1352 3533 “Omnes
1378 3491 1501 3534 vos
1522 3470 1767 3535 fratres
1791 3473 1959 3536 estis
1983 3471 2035 3550 ;”
2071 3471 2406 3536 Dominus
2429 3475 2610 3537 enim
2643 3493 2892 3540 omnes

637 3565 705 3627 in
752 3564 951 3628 caelo
996 3572 1068 3628 et
1113 3565 1180 3627 in
1228 3563 1540 3639 ecclesia,
1582 3586 1673 3628 ex
1721 3567 2234 3630 consociatione
2281 3587 2400 3650 per
2443 3587 2750 3633 amorem
2799 3571 2892 3635 ab
3007 3631 3014 3638 ,

638 3659 821 3741 Ipso,
856 3669 927 3722 et
964 3659 1122 3723 inde
1160 3680 1280 3741 per
1316 3679 1623 3724 amorem
1657 3669 1990 3737 mutu-um,
2023 3662 2136 3744 qui
2171 3672 2280 3726 est
2319 3662 2640 3738 charitas,
2674 3675 2890 3729 vocat

636 3751 793 3816 illos
836 3751 1067 3816 “filios
1084 3752 1115 3778 ’³
1154 3763 1223 3815 et
1267 3752 1610 3818 “heredes
1635 3753 1688 3831 ;”
1731 3755 1890 3818 inde
1925 3765 2035 3818 est
2079 3755 2262 3838 quod
2308 3777 2350 3818 a
2395 3755 2696 3820 Domino
2743 3759 2890 3823 sint

642 3844 943 3910 “fratres
968 3846 1019 3924 ;”
1050 3848 1147 3910 ita
1179 3846 1700 3930 intelligendum
1735 3858 1864 3924 est,
1899 3849 2080 3934 quod
2113 3851 2371 3915 usitato
2401 3851 2667 3928 dicitur,
2695 3854 2889 3935 quod

638 3958 881 4004 omnes
917 3940 1157 4004 fratres
1196 3941 1331 4005 sint
1370 3943 1433 4004 in
1477 3939 1799 4006 Domino.

762 4039 895 4124 [fi]
959 4041 1073 4104 Ex
1118 4041 1223 4105 his
1259 4063 1530 4126 quoque
1566 4055 1893 4108 constare
1930 4054 2166 4127 potest
2203 4047 2482 4129 quinam
2525 4067 2647 4130 per
2687 4048 2888 4113 “fra-

638 4142 779 4197 tres
798 4131 829 4158 ’‘
860 4154 901 4198 a
932 4132 1232 4197 Domino
1264 4133 1758 4217 intelliguntur,
1794 4157 2040 4220 nempe
2073 4157 2314 4201 omnes
2345 4140 2458 4222 qui
2490 4150 2886 4222 agnoscunt

638 4227 891 4311 Ipsum,
932 4247 1011 4292 ac
1051 4227 1118 4291 in
1157 4228 1341 4291 bono
1378 4228 1734 4293 charitatis
1769 4231 1857 4295 ab
1894 4230 2055 4314 Ipso
2091 4241 2273 4309 sunt,
2313 4233 2597 4316 proinde
2635 4235 2747 4316 qui
2791 4235 2885 4300 ab

638 4321 931 4386 ecclesia
984 4321 1201 4405 Ipsius
1254 4331 1432 4386 sunt.
1525 4321 1617 4387 Hi
1672 4326 1880 4388 etiam
1935 4347 2055 4410 per
2102 4327 2445 4391 “fratres”
2489 4348 2530 4391 a
2576 4327 2885 4394 Domino

638 4415 1114 4499 intelliguntur
1150 4416 1219 4480 in
1256 4419 1696 4502 sequentibus
1733 4418 1903 4484 locis
1927 4419 2244 4503 :—Apud
2281 4419 2551 4497 Lucam,

748 4549 1069 4666 Jesuonihxffi
1088 4551 1166 4680 (ad
1184 4551 1436 4681 “Pestzua
1466 4551 1593 4603 “Tu
1620 4553 1836 4618 quando
1861 4568 2158 4604 conversus
2183 4555 2366 4614 fueris,
2393 4555 2657 4606 confirma
2683 4555 2882 4610 {mnes

957 4631 1021 4667 os
1108 4632 1233 4668 xxn.
1362 4633 1375 4668 ι
