3259 5384
568 665 605 714 2
618 667 642 713 1
652 665 735 716 22
1185 663 1682 722 APOCALYPSIS
1725 665 2176 718 EXPLICATA.

563 830 745 898 illius
787 833 969 898 vitae
1014 853 1200 917 quae.
1231 844 1517 899 vocatur
1560 835 1808 912 anima,
1854 833 2156 900 efficiens
2207 833 2350 917 ejus
2402 835 2680 899 arbitria
2723 843 2790 900 et

564 935 768 989 nutus
826 924 893 989 in
948 935 1234 1010 utroque
1287 928 1563 1004 mundo,
1619 937 1764 990 tam
1819 928 2111 992 naturali
2169 929 2238 992 in
2297 948 2434 1011 quo
2485 927 2791 993 homines

565 1019 826 1094 vivunt,
867 1039 1067 1102 quam
1104 1019 1437 1103 spirituali
1482 1021 1549 1083 in
1593 1041 1731 1104 quo
1767 1021 2044 1102 spiritus
2089 1031 2160 1085 et
2197 1021 2465 1103 angeli:
2521 1031 2595 1084 et
2641 1021 2792 1103 quia

564 1110 883 1175 Divinum
930 1113 1311 1195 procedens
1356 1133 1397 1176 a
1450 1113 1751 1176 Domino
1803 1113 1966 1177 facit
2011 1115 2225 1177 vitam
2270 1115 2593 1190 omnium,
2642 1113 2792 1178 ideo

560 1202 730 1267 illud
786 1225 903 1288 per
952 1207 1304 1269 “animam
1322 1205 1353 1231 '’
1398 1208 1465 1269 in
1510 1206 1798 1270 caelesti
1843 1225 2045 1270 sensu
2091 1205 2525 1288 significatur.
2619 1205 2792 1288 Quia

560 1295 883 1359 Divinum
943 1299 1341 1380 procedens,
1404 1298 1784 1381 ubicunque
1842 1299 2055 1373 venit,
2118 1298 2364 1363 format
2424 1299 2786 1381 imaginem

560 1387 858 1466 Domini,
912 1391 1011 1454 ita
1061 1390 1309 1454 format
1369 1390 1656 1473 angelos
1715 1399 1787 1454 et
1847 1392 2144 1473 spiritus»,
2201 1400 2275 1455 ut
2336 1393 2476 1454 sint
2533 1391 2785 1455 formae

560 1482 898 1546 humanae
928 1484 1298 1546 secundum
1336 1478 1822 1574 receptionem,
1855 1484 2013 1546 inde
2051 1503 2228 1548 nunc
2270 1485 2574 1567 sequitur
2610 1485 2788 1568 quod

564 1595 685 1658 per
720 1577 1015 1640 animam
1054 1578 1399 1640 viventem
1441 1587 1599 1659 post
1648 1586 1940 1640 mortem
1986 1576 2472 1659 intelligendus
2515 1578 2607 1640 sit
2653 1577 2787 1658 ejus

559 1669 854 1750 spiritus,
903 1672 1013 1752 qui
1068 1670 1277 1733 homo
1321 1678 1428 1733 est
1482 1681 1626 1734 tam
1682 1671 1908 1733 anima
1955 1682 2156 1752 quam
2210 1691 2514 1754 corpore,
2564 1673 2788 1734 anima

556 1782 690 1845 qua
741 1763 1128 1826 dominetur
1177 1783 1377 1845 super
1428 1783 1694 1846 corpuS,
1742 1773 1812 1827 et
1865 1783 2148 1846 corpore
2203 1784 2340 1847 quo
2391 1765 2620 1827 anima
2671 1785 2787 1826 sua

558 1854 838 1919 arbitria
872 1857 940 1918 in
978 1855 1253 1930 mundo,
1294 1857 1361 1917 in
1400 1876 1534 1938 quo
1569 1865 1700 1930 est,
1740 1855 2012 1920 efficiat.

675 1959 861 2028 ¹751.
904 1961 1184 2022 [Vers.12.]
1228 1947 1525 2028 “Pe-optor
1560 1947 1679 2008 hoc
1715 1947 2008 2028 gaudeto,
2053 1946 2221 2009 ceole·
2256 1954 2326 2010 ot
2361 1947 2424 2009 in
2463 1947 2585 2011 iltis
2625 1947 2788 2011 leobi-

559 2034 977 2116 tantos-''—Q
986 2035 1121 2098 uod
1150 2033 1495 2116 significet
1526 2034 1976 2098 salvationem
2007 2046 2076 2098 et
2101 2035 2259 2100 inde
2277 2037 2609 2118 gaudium
2638 2036 2784 2100 illo-

557 2148 707 2191 rum
742 2127 862 2209 qui
890 2126 1277 2208 spirituales
1305 2136 1435 2208 per
1462 2127 1889 2208 receptionem
1924 2127 2166 2190 Divim'
2210 2125 2273 2190 V
2264 2126 2371 2190 eri
2380 2127 2587 2212 fiunt,
2621 2147 2783 2191 con·

556 2231 700 2285 stat
733 2241 821 2284 ex
848 2219 1343 2302 significatione
1370 2219 1786 2302 “gaudere‚”
1810 2220 1995 2302 quod
2028 2221 2118 2284 sit
2153 2221 2475 2302 gaudium
2512 2231 2787 2303 propter

554 2314 1046 2391 salvationem;
1094 2334 1184 2376 ex
1222 2312 1718 2395 significatione
1757 2312 2220 2388 “caelorum,”
2251 2313 2432 2395 quod
2468 2315 2608 2378 sint
2644 2315 2776 2396 spi-

555 2401 836 2466 rituales
880 2419 963 2477 (de
990 2430 1089 2475 qua
1106 2415 1363 2476 sequitur),
1400 2411 1473 2464 et
1516 2421 1609 2464 ex
1651 2400 2159 2484 significatione
2199 2401 2782 2474 “habitantium”

556 2488 739 2570 quod
783 2488 1080 2570 sint-qui
1113 2489 1379 2562 vivunt,
1414 2487 1523 2550 hic
1566 2487 2038 2568 spiritualiter.
2125 2503 2298 2560 (Quod
2319 2499 2345 2517 ¹·
2365 2503 2623 2550 habitare·
2645 2505 2785 2562 signi-

554 2583 667 2629 ficet
692 2583 865 2636 vivere.
888 2583 1107 2628 videatur
1130 2593 1291 2641 supra.
1318 2595 1370 2630 ιι.
1406 2582 1540 2646 133.
1566 2581 1714 2648 479.
1743 2565 1913 2641 662.)
1999 2565 2206 2647 Quod
2254 2566 2483 2630 “caeli
2501 2567 2532 2592 ’³
2575 2569 2779 2648 Signi-

555 2657 761 2722 ficent
816 2657 1219 2740 spirituales,
1269 2667 1375 2720 est
1428 2658 1585 2740 quia
1639 2676 1880 2720 omnes
1931 2655 2029 2720 illi
2082 2657 2194 2740 qui
2247 2657 2314 2720 in
2367 2656 2575 2721 caelis
2629 2665 2780 2720 sunt

556 2748 938 2831 spirituales
970 2757 1129 2811 sunt
1155 2769 1170 2824 ;
1218 2757 1289 2811 et
1321 2749 1477 2830 quia
1498 2747 1832 2822 homineS,
1860 2748 1971 2830 qui
2004 2745 2160 2810 facti
2193 2757 2351 2812 sunt
2377 2747 2778 2830 spiritualeS,

556 2841 867 2906 similiter
910 2842 977 2903 in
1022 2841 1229 2904 caelis
1274 2849 1455 2916 sunt,
1504 2841 1785 2904 tametsi
1830 2840 2055 2922 quoad
2101 2859 2346 2923 corpus
2391 2841 2460 2903 in
2507 2841 2777 2915 mundo,

554 2936 711 2999 ideo
768 2955 889 3018 per
944 2933 1397 2998 “habitantes
1455 2935 1522 2995 in
1582 2932 1791 2996 caelis
1807 2931 1837 2958 ”
1892 2952 2029 2996 non
2083 2933 2304 2996 solum
2357 2932 2610 3014 angeli,
2663 2935 2782 2997 sed

555 3031 765 3094 etiam
788 3029 1100 3092 homines
1123 3026 1639 3108 intelliguntur:
1689 3027 1909 3090 omnis
1933 3028 2115 3090 enim
2146 3026 2354 3090 homo
2377 3028 2559 3109 apud
2582 3047 2780 3110 quem

554 3143 749 3188 mens
795 3123 1094 3195 interior,
1142 3141 1317 3204 quae
1360 3129 1647 3184 vocatur
1692 3139 1885 3184 mens
1932 3119 2322 3202 spiritualiS,
2368 3130 2610 3203 aperta
2653 3130 2778 3194 est,

553 3218 622 3282 in
653 3215 861 3281 caelis
884 3225 1014 3290 est,
1040 3216 1249 3278 immo
1280 3215 1489 3278 etiam
1514 3213 1921 3296 quandoque
1953 3214 2130 3276 inter
2162 3212 2448 3295 angelos
2479 3214 2546 3276 in
2579 3212 2781 3277 caelis

553 3318 878 3394 apparet:
952 3308 1135 3392 quod
1200 3309 1298 3371 ita
1355 3309 1468 3382 sit,
1530 3308 1599 3370 in
1665 3306 1922 3370 mundo
1981 3305 2204 3369 adhuc
2263 3308 2578 3388 ignotum
2637 3317 2780 3384 est;

552 3424 759 3488 quare
792 3401 1141 3466 sciendum
1180 3411 1287 3464 est
1325 3399 1507 3483 quod
1543 3399 1754 3462 homo
1783 3399 2008 3482 quoad
2039 3400 2348 3481 spiritum
2379 3418 2574 3462 suum
2609 3401 2784 3464 inter

554 3497 827 3578 spiritus
865 3504 936 3558 et
981 3493 1267 3576 angelos
1312 3495 1425 3568 sit,
1466 3501 1538 3556 et
1583 3493 1856 3574 quidem
1902 3493 1970 3555 in
2015 3511 2098 3556 ea
2141 3493 2479 3556 societate
2517 3492 2780 3556 illorum

553 3590 623 3653 in
660 3608 863 3671 quam
898 3598 1225 3652 venturus
1260 3597 1369 3650 est
1406 3595 1564 3669 post
1602 3595 1934 3648 mortem:
1989 3603 2195 3648 causa
2231 3593 2360 3661 est,
2399 3587 2556 3668 quia
2594 3605 2782 3650 mens

553 3681 921 3765 spiritualis
958 3681 1251 3744 hominis
1284 3699 1555 3762 prorsus
1585 3678 1878 3742 formata
1913 3688 2022 3743 est
2059 3678 2146 3741 ad
2184 3679 2552 3760 imaginem
2589 3679 2779 3754 caeli,

554 3797 764 3860 usque
817 3776 992 3840 adeo
1048 3784 1125 3837 ut
1178 3775 1269 3838 sit
1321 3771 1585 3838 caelum
1639 3773 1706 3835 in
1759 3774 2038 3835 minima
2081 3771 2335 3851 forma3
2395 3791 2604 3854 quare
2647 3793 2782 3836 non

554 3870 715 3934 alibi
744 3879 853 3934 est
885 3888 1087 3952 quam
1122 3867 1233 3930 ubi
1264 3876 1371 3931 est
1403 3865 1617 3930 forma
1648 3865 1809 3947 ejuS,
1845 3875 1916 3929 et
1954 3864 2084 3928 hoc
2119 3865 2396 3928 tametsi
2435 3864 2556 3928 illa
2591 3885 2782 3930 mens

554 3965 777 4030 adhuc
822 3963 889 4026 in
927 3981 1211 4042 corpore
1246 3968 1374 4023 est.
1464 3957 1601 4022 Sed
1654 3958 1822 4023 haec
1861 3957 2102 4022 melius
2137 3958 2480 4021 illustrata
2512 3969 2671 4024 sunt
2716 3961 2780 4022 in

557 4075 766 4138 opere
800 4054 903 4116 De
940 4051 1139 4117 Caelo
1170 4061 1237 4114 et
1269 4051 1545 4130 Inferna
1580 4065 1650 4123 (ιι.
1673 4065 1868 4125 ςι-ςε),
1907 4049 2020 4112 ubi
2055 4059 2411 4113 ostensum
2449 4059 2558 4112 est
2602 4051 2780 4133 quod

554 4145 1008 4228 unusquisque
1045 4142 1351 4223 angeluS,
1391 4151 1462 4206 et
1500 4160 1766 4223 quoque
1812 4141 2268 4222 unusquisque
2313 4139 2523 4204 homo
2559 4142 2780 4224 quoad

554 4239 875 4304 interiora
918 4255 1059 4310 sua,
1106 4236 1161 4298 si
1210 4236 1318 4300 hic
1364 4232 1728 4316 spiritualis
1771 4244 1902 4308 est,
1949 4233 2037 4296 sit
2083 4233 2344 4298 caelum
2398 4234 2464 4298 in
2511 4236 2782 4300 minima

554 4332 785 4407 forma,
826 4327 1362 4409 correspondens
1398 4325 1589 4390 caelo
1620 4326 1688 4388 in
1725 4326 2048 4390 maxima.
2138 4326 2306 4389 Inde
2343 4335 2450 4390 est
2494 4328 2677 4408 quod
2713 4329 2778 4390 in

553 4423 788 4488 Verbo
822 4422 932 4485 ubi
978 4421 1197 4502 agitur
1240 4420 1327 4484 de
1372 4419 1714 4484 creatione
1751 4417 1922 4482 caeli
1965 4428 2036 4481 et
2082 4427 2322 4494 terrae,
2361 4419 2780 4502 intelligatur

554 4519 620 4581 in
657 4515 993 4582 communi
1032 4513 1319 4578 ecclesia
1348 4512 1615 4577 interna
1649 4521 1724 4575 et
1759 4519 2072 4585 externa,
2108 4520 2252 4575 tum
2289 4512 2356 4574 in
2397 4513 2778 4593 particulari

552 4611 759 4674 homo
789 4609 1091 4672 internus
1122 4615 1193 4671 et
1224 4613 1569 4681 externus
1602 4623 1722 4666 seu
1751 4601 2113 4684 spiritualis
2143 4611 2214 4666 et
2247 4602 2592 4667 naturalis.
2665 4603 2776 4668 Ex
