3259 5384
992 631 1004 666 ί

769 689 939 755 2106
1390 705 1895 760 ArocaLvPsrs
1939 709 2392 763 Exch‘rA.

766 873 1275 952 confirmarunt,
1310 879 1597 943 credunt
1639 899 1786 943 esse
1825 881 2042 963 ipsum
2081 881 2410 947 ecclesiae
2443 903 2694 959 verum,
2727 883 2965 948 tametsi

764 979 870 1031 est
915 968 1173 1032 salsum.
1265 970 1343 1037 In
1382 991 1655 1054 genere,
1690 993 1811 1056 per
1843 979 1884 1008 ‘⁴
1907 995 2222 1039 accusare
2254 976 2398 1040 dies
2434 987 2508 1042 et
2555 975 2826 1042 no&es”
2851 978 2964 1059 sig·

764 1060 1074 1126 nificatur
1118 1061 1411 1128 influxus
1456 1065 1604 1130 falsi
1651 1069 2011 1132 continuus
2057 1090 2148 1132 ex
2193 1070 2324 1133 illis
2377 1073 2488 1153 qui
2541 1091 2661 1153 per
2705 1072 2966 1134 “draco-

764 1157 967 1218 nem’'
1000 1158 1517 1240 intelliguntur3
1562 1173 1633 1225 et
1671 1162 1828 1244 quia
1863 1163 2032 1227 falsa
2061 1181 2294 1228 eorum
2326 1176 2486 1229 sunt
2521 1187 2612 1229 ex
2651 1164 2967 1230 falsificato

762 1247 1019 1326 Verbo,
1060 1252 1219 1316 inde
1258 1254 1386 1317 hoc
1426 1273 1546 1336 per
1584 1261 1962 1321 “accusare
2001 1277 2231 1322 coram
2271 1259 2466 1323 Deo”
2503 1259 2916 1342 significatur.

883 1347 1080 1431 748·
1124 1364 1286 1424 [Vm.
1313 1367 1408 1427 η]
1446 1351 1567 1413 ‘tt
1588 1351 1684 1414 im
1701 1352 1978 1416 vicerunt
1999 1353 2168 1416 illum
2189 1373 2310 1434 poe·
2327 1355 2686 1436 sanquinem
2705 1353 2970 1437 aquist—

766 1436 970 1519 Quod
1010 1439 1348 1523 significet
1384 1442 1838 1508 resistentiam
1870 1455 1936 1507 et
1969 1445 2321 1509 vidon‘am
2347 1455 2478 1527 per
2510 1446 2823 1510 Divinum
2868 1445 2966 1508 Ve-

760 1553 915 1594 rum
966 1535 1327 1613 procedens
1392 1556 1477 1598 ex
1532 1536 1782 1600 Divino
1839 1537 2153 1601 Humano
2215 1539 2508 1616 Domini,
2571 1549 2837 1604 constat
2893 1559 2968 1602 ex

758 1625 1252 1708 significatione
1292 1632 1753 1713 “sanguini5‚”
1789 1652 1943 1696 cum
1981 1634 2066 1696 de
2109 1633 2426 1710 Domino,
2467 1635 2649 1718 quod
2687 1637 2769 1698 sit
2807 1634 2966 1697 Divi-

760 1739 920 1782 num
962 1719 1223 1784 Verum
1268 1723 1656 1804 procedens
1699 1739 1784 1798 (de
1811 1753 1910 1798 qm
1935 1753 2096 1800 supra,
2125 1753 2174 1788 n.
2208 1727 2484 1804 328[a-c].
2519 1742 2840 1807 3²9[⁰-s]);
2891 1743 2966 1787 ex

759 1813 1251 1896 significatione
1300 1813 1608 1896 “Agni,”
1652 1815 1836 1898 quod
1895 1817 1985 1880 sit
2033 1817 2365 1880 Dominus
2408 1819 2632 1901 quoad
2683 1818 2968 1882 Divinum

760 1905 1160 1970 Humanum
1198 1921 1282 1980 (de
1304 1935 1402 1980 qua
1420 1923 1564 1968 etiam
1586 1935 1748 1982 supra.
1770 1937 1818 1971 n.
1846 1922 2036 1988 314);
2080 1928 2173 1971 ex
2209 1909 2454 1991 quibus
2483 1919 2802 1972 constare
2829 1917 2966 1991 pot·

755 2008 864 2061 est
923 1999 1105 2081 quod
1168 2018 1287 2080 per
1334 2000 1664 2062 “vincere
1716 2000 2084 2064 draconem
2139 2018 2258 2081 per
2309 2003 2711 2082 sanguinem
2762 1999 2968 2081 Agni''

758 2093 1175 2174 significetur
1204 2095 1473 2157 vincere
1504 2093 1716 2168 illum,
1753 2095 1881 2157 hoc
1913 2105 2041 2168 est,
2075 2095 2230 2160 illos
2267 2097 2378 2177 qui
2425 2115 2544 2177 per
2577 2096 2968 2159 “draconem

756 2198 829 2252 et
876 2187 1163 2270 angelos
1200 2187 1387 2269 ejus”
1422 2186 1910 2270 significantur,
1953 2207 2072 2270 per
2111 2189 2427 2253 Divinum
2466 2190 2722 2255 Verum
2761 2208 2967 2271 proce·

756 2282 927 2345 dens
958 2303 1047 2345 ex
1084 2281 1335 2345 Divino
1370 2281 1692 2346 Humano
1726 2282 2019 2346 Domini.
2111 2283 2373 2347 Dicitur
2397 2283 2714 2346 Divinum
2741 2282 2968 2346 Verum

756 2377 1133 2458 procedens
1164 2395 1253 2438 ex
1290 2375 1539 2440 Divino
1575 2375 1902 2440 Humano
1927 2376 2222 2452 Domini,
2245 2399 2334 2440 ex
2359 2397 2586 2454 causa,
2614 2379 2767 2460 quia
2793 2395 2970 2440 omne

759 2469 1080 2534 Divinum
1126 2469 1407 2544 Verum,
1456 2470 1638 2552 quod
1683 2471 1923 2552 implet
1968 2470 2220 2546 caelos,
2269 2481 2339 2535 et
2393 2472 2552 2536 facit
2597 2472 2969 2552 sapientiam

756 2563 1157 2645 angelorum
1195 2565 1261 2626 in
1300 2564 1526 2638 caelis,
1564 2565 1873 2644 procedit
1907 2585 1996 2628 ex
2036 2565 2285 2628 Divino
2320 2563 2644 2629 Humano
2681 2564 2966 2638 Domini;

760 2656 1079 2720 Divinum
1118 2659 1296 2720 enim
1340 2657 1734 2721 Humanum
1774 2658 2048 2722 Domini
2093 2659 2354 2722 unitum
2401 2668 2508 2723 est
2555 2660 2679 2740 ipsi
2725 2658 2967 2728 Divino,

758 2750 938 2832 quod
964 2752 1029 2814 in
1056 2751 1217 2834 Ipso
1240 2773 1330 2815 ex
1356 2753 1807 2833 conceptione
1831 2763 1998 2827 erat,
2026 2752 2202 2815 adeo
2225 2761 2300 2815 ut
2325 2771 2531 2815 unum
2557 2755 2730 2816 sint:
2775 2755 2969 2834 ipsum

757 2845 1096 2920 Divinum,
1145 2847 1327 2927 quod
1374 2867 1414 2909 a
1458 2848 1912 2928 conceptione
1955 2847 2022 2909 in
2071 2845 2231 2926 Ipso
2275 2856 2444 2920 erat,
2493 2856 2602 2910 est
2645 2847 2822 2928 quod
2865 2863 2968 2906 vo·

756 2940 935 3003 cavit
984 2939 1294 3017 Patrem;
1350 2940 1480 3004 hoc
1527 2960 1682 3004 cum
1731 2939 2055 3003 Humano
2101 2939 2316 3021 Ipsius
2361 2941 2626 3004 unitum
2671 2951 2775 3004 est
2819 2940 2970 3003 sicut

755 3035 980 3097 anima
1011 3053 1163 3098 cum
1190 3053 1514 3116 corpore;
1562 3035 1720 3098 inde
1741 3045 1847 3099 est
1879 3034 2060 3118 quod
2094 3034 2426 3098 Dominus
2447 3035 2637 3099 dicat
2949 3047 2954 3052 “

1050 3168 1117 3218 Se
1147 3183 1312 3217 unum
1338 3183 1460 3218 esse
1487 3183 1607 3218 cum
1639 3167 1798 3228 Patre
1821 3168 1972 3234 (Joh.
1997 3183 2048 3218 x.
2077 3180 2155 3229 30,
2187 3167 2302 3229 38);

1051 3232 1119 3283 Et
1141 3235 1284 3297 quod
1311 3233 1436 3298 Ipse
1458 3233 1515 3283 in
1544 3233 1703 3284 Patre
1730 3235 1802 3283 sit
1823 3241 1878 3283 et
1904 3233 2064 3283 Pater
2087 3234 2144 3282 in
2169 3233 2298 3296 Ipso
2319 3231 2594 3298 (kaxiv.
2621 3233 2798 3296 7-11);

754 3375 828 3431 et
880 3368 1035 3449 quia
1088 3366 1246 3430 talis
1292 3366 1449 3429 unio
1494 3375 1622 3441 est,
1671 3366 1828 3430 ideo
1873 3365 2192 3429 Divinum
2230 3363 2489 3428 Verum
2537 3375 2693 3447 post
2737 3361 2968 3448 glorifi-

755 3464 1095 3526 cationem
1124 3459 1421 3524 Humani
1448 3459 1666 3542 Ipsius
1685 3460 1993 3541 procedit
2019 3480 2108 3523 ex
2136 3459 2385 3523 Divino
2413 3459 2734 3522 Humano
2757 3459 2969 3540 Ipsius.

754 3556 1077 3619 Divinum
1110 3554 1367 3618 Verum
1400 3554 1777 3635 procedens
1814 3574 1903 3617 ex
1939 3553 2190 3616 Divino
2223 3552 2544 3616 Humano
2578 3553 2845 3616 Domini
2879 3559 2970 3614 est

753 3650 936 3732 quod
989 3659 1273 3713 vocatur
1321 3647 1665 3729 “Spiritus
1719 3643 2008 3712 Sanctus
2033 3646 2085 3724 ;”
2137 3647 2317 3729 quod
2376 3645 2486 3710 hic
2533 3646 2850 3726 procedat
2891 3660 2970 3704 ex

754 3743 1079 3808 Humano
1117 3742 1393 3807 Domini
1428 3741 1832 3824 glorificato,
1872 3742 2079 3816 docet
2117 3741 2271 3823 Ipse
2309 3741 2488 3824 apud
2519 3739 2908 3816 Johannerm

852 3881 882 3902 ‘⁸
896 3877 1151 4006 N⁰¹¹(d¹.¹.¹¹²
1185 3885 1301 4004 οἷαι
1334 3876 1563 3940 Spiritus
1591 3873 1838 3935 Saucius,
1867 3875 1993 3940 quia
2016 3873 2176 3940 Jesun
2212 3874 2454 3925 nondum
2479 3873 2806 3938 glorineatus
2831 3865 2973 3921 cmv·

1036 3957 1123 3992 vu.
1150 3955 1215 4005 ³9
1253 3956 1267 4002 3

756 4069 1156 4132 Humanum
1202 4067 1668 4150 glorificatum
1729 4075 1836 4130 est
1892 4065 2218 4129 Divinum
2279 4063 2704 4127 Humanum.
2787 4078 2898 4138 (Sed
2921 4076 2975 4126 de

748 4157 824 4204 his
854 4157 993 4215 plura
1012 4156 1265 4202 videantur
1294 4156 1343 4202 in
1366 4156 1607 4202 Doctrina
1621 4156 1791 4201 Novae
1808 4154 2178 4213 Hierosolyma.
2201 4166 2250 4200 n.
2283 4155 2521 4210 280—3103
2553 4159 2656 4198 tum
2687 4152 2738 4197 in
2759 4163 2894 4210 opere
2909 4147 2977 4194 De

757 4225 898 4271 Caelo
926 4228 975 4269 et
1002 4223 1210 4283 ἠῴην,
1243 4237 1274 4268 ιι
1302 4222 1537 4282 principio
1566 4223 1632 4268 ad
1661 4221 1808 4268 finem
1825 4235 1842 4268 τ
1878 4223 2012 4279 quod
2043 4233 2132 4280 per
2159 4221 2486 4279 “sanguinem
2517 4219 2690 4277 Agni'’
2711 4215 2866 4265 inoeni'
2911 4223 2976 4260 tur

752 4299 985 4344 Divinum
1012 4298 1284 4356 procedens
1317 4311 1377 4343 ex
1408 4297 1587 4343 Divino
1618 4297 1854 4342 Humano
1884 4296 2098 4348 Domini,
2121 4295 2340 4340 videntur
2365 4307 2526 4352 supra,
2547 4306 2597 4341 n.
2625 4277 2792 4357 476.)
2931 4293 2972 4334 X

750 4375 855 4438 his
887 4374 1098 4437 videri
1147 4383 1377 4454 potest
1416 4383 1746 4456 quantum
1794 4371 2015 4436 differt
2061 4391 2297 4434 sensus
2344 4370 2614 4434 litterae
2646 4369 2854 4434 Verbi
2893 4387 2972 4430 ex

754 4489 957 4532 sensu
994 4468 1321 4550 spirituali
1359 4467 1541 4549 ejus;
1589 4477 1735 4532 tum
1773 4465 2119 4549 quomodo
2156 4463 2544 4528 falsificatur
2576 4463 2892 4536 Verbum,
2923 4462 2972 4523 si

734 4563 958 4627 'modo
988 4564 1309 4634 exteriuS,
1345 4572 1414 4625 et
1448 4581 1583 4625 non
1621 4559 1819 4624 simul
1851 4560 2149 4633 interius,
2185 4555 2550 4640 spectetur.
2641 4556 2972 4638 Quantum

749 4657 992 4736 differt,
1026 4667 1341 4722 constare
1372 4666 1605 4740 potest
1639 4676 1729 4719 ex
1761 4675 1866 4732 eo,
1900 4654 2083 4737 quod
2115 4671 2236 4736 per
2269 4654 2727 4734 “sanguinem
2757 4647 2973 4733 Agni’'
