3259 5384
684 620 853 688 2374
1311 618 1812 672 APOCALvPffls
1859 621 2309 674 ExPLchTA.

685 788 1106 855 intellexerit
1140 789 1226 855 Se
1266 791 1518 873 Ipsum,
1558 812 1676 856 seu
1716 792 2035 857 Divinum
2073 792 2141 856 in
2181 793 2268 858 Se
2300 815 2394 858 ex
2425 794 2922 876 conceptione;

684 894 755 948 et
794 886 975 966 quod
1021 905 1140 967 per
1176 885 1501 961 “Filium,
1536 906 1738 968 quem
1787 887 1988 952 Pater
2027 888 2270 964 misit,”
2304 888 2731 952 intellexerit
2775 887 2920 950 Hu-

686 996 959 1041 manum
998 999 1213 1052 suum,
1254 999 1412 1043 nam
1450 979 1581 1044 hoc
1622 981 1901 1044 missum
1940 994 2047 1045 est
2086 983 2153 1046 in
2201 983 2550 1056 mundum,
2585 1003 2706 1064 per
2741 981 2922 1063 quod

686 1083 1061 1155 conceptus
1094 1092 1134 1136 a
1167 1073 1317 1138 Deo
1350 1073 1571 1147 Patre,
1601 1085 1673 1138 et
1707 1085 1906 1139 natus
1939 1097 1980 1138 a
2003 1077 2284 1158 virgine.
2363 1075 2572 1157 Apud
2603 1075 2921 1148 eundem,

784 1205 983 1272 “Jesus
1000 1207 1251 1256 clamavit
1266 1215 1320 1257 et
1342 1208 1490 1268 dixit,
1510 1209 1615 1272 Qui
1640 1209 1808 1258 credit
1831 1209 1886 1258 in
1909 1209 2000 1259 Me
2023 1224 2132 1258 non
2157 1210 2324 1259 credit
2343 1211 2398 1259 in
2419 1209 2526 1268 Me,
2543 1210 2642 1258 sed
2665 1210 2721 1257 in
2744 1208 2926 1271 Ipsum

1022 1273 1037 1320 i
1072 1273 1218 1322 misit
1249 1271 1373 1328 Me:
1409 1283 1463 1322 et
1497 1275 1585 1337 qui
1610 1273 1757 1322 videt
1795 1273 1886 1324 Me
1915 1276 2059 1324 videt
2097 1274 2279 1337 Ipsum
2384 1276 2399 1322 i
2429 1275 2583 1324 misit
2631 1273 2741 1323 Me.
2811 1273 2928 1336 Ego

948 1286 1065 1386 ἶῗικ
1098 1338 1153 1386 in
1190 1340 1447 1388 mundum
1472 1339 1615 1396 veni.
1641 1350 1698 1389 ut
1721 1341 1902 1390 omnis
1925 1342 2015 1403 qui
2043 1341 2210 1390 credit
2237 1341 2294 1390 in
2309 1290 2434 1399 qllie,
2459 1341 2516 1388 in
2545 1340 2784 1390 tenebris
2811 1353 2926 1388 non

947 1402 1205 1452 maneat”
1228 1403 1336 1464 (xii.
1362 1405 1575 1466 44—46):

686 1533 869 1618 quod
916 1535 1251 1598 Dominus
1298 1533 1533 1599 Semet
1572 1535 1995 1600 intellexerit
2034 1557 2156 1618 per
2195 1536 2585 1609 “Patrem,”
2617 1557 2694 1600 ac
2735 1536 2926 1600 Divi-

687 1649 848 1692 num
913 1627 1305 1692 Humanum
1364 1649 1559 1692 suum
1618 1651 1739 1712 per
1787 1637 1826 1664 ‘⁴
1848 1630 2114 1706 Filium,
2164 1650 2363 1713 quem
2425 1630 2608 1694 misit
2669 1631 2928 1704 Pater‚”

688 1723 898 1786 etiam
932 1742 1021 1785 ex
1056 1722 1160 1785 his
1192 1733 1386 1804 patet
1406 1745 1427 1804 ς
1477 1742 1635 1786 nam
1674 1725 1861 1799 dicit,
1893 1723 2084 1805 “Qui
2107 1725 2296 1788 videt
2331 1724 2445 1788 Me
2471 1725 2660 1790 videt
2695 1724 2928 1806 Ipsum

688 1819 800 1901 qui
840 1818 1021 1880 misit
1062 1816 1235 1892 Me,'’
1272 1827 1417 1879 tum
1452 1818 1633 1898 quod
1677 1819 1845 1900 “qui
1883 1818 2099 1882 credit
2134 1819 2200 1881 in
2235 1817 2372 1892 Me,
2408 1839 2547 1882 non
2585 1819 2824 1882 credat
2863 1819 2927 1881 in

690 1911 804 1975 Me
844 1912 964 1975 sed
1004 1912 1071 1974 in
1106 1910 1333 1991 Ipsum
1373 1912 1485 1993 qui
1524 1913 1706 1974 misit
1741 1911 1916 1986 Me,”
1945 1922 2017 1976 et
2051 1933 2262 1994 usque
2299 1913 2463 1975 dicit
2501 1912 2682 1996 quod
2719 1918 2926 1975 “cre-

690 2007 892 2069 dituri
924 2006 1061 2068 sint
1095 2005 1161 2067 in
1197 2004 1425 2086 Ipsum
1444 2005 1474 2030 ”
1503 2005 1609 2088 (ut
1641 2026 1812 2068 verS.
1843 2005 1943 2086 36,
1973 2015 2044 2069 et
2077 2004 2293 2089 alibi).
2369 2005 2578 2088 Apud
2610 2005 2924 2076 eundem,

780 2139 1008 2190 “Sciens
1036 2138 1192 2204 Jesus
1221 2139 1363 2202 quod
1390 2139 1574 2188 omnia
1600 2139 1838 2189 dedisset
1863 2139 1973 2202 Ipsi
2006 2139 2165 2189 Pater
2188 2139 2242 2189 in
2268 2154 2476 2198 manus,
2501 2150 2555 2189 et
2577 2139 2720 2203 quod
2745 2155 2780 2188 a
2804 2139 2920 2188 Deo

950 2205 1130 2263 exiret,
1146 2214 1200 2253 et
1234 2205 1302 2252 ad
1338 2203 1512 2253 Deum
1548 2204 1758 2254 rediret.
1801 2241 1816 2255 .
1835 2240 1881 2255 ..
1901 2205 2053 2269 .Qui.
2074 2204 2190 2254 ‚Me
2225 2206 2462 2268 suscipit,
2488 2205 2708 2267 suscipit
2739 2203 2922 2268 Ipsum

948 2271 1037 2333 qui
1064 2270 1207 2319 misit
1233 2268 1366 2318 Me”
1390 2269 1516 2331 (xiii.
1542 2281 1589 2330 3,
1615 2271 1731 2332 20):

689 2401 841 2484 quia
875 2401 1077 2465 Pater
1102 2411 1171 2465 et
1202 2401 1356 2484 Ipse
1395 2421 1600 2464 unum
1632 2411 1853 2476 erant,
1888 2421 1968 2465 ac
2006 2401 2397 2464 Humanum
2433 2400 2706 2465 Domini
2740 2401 2926 2464 Divi-

690 2516 849 2558 num
876 2496 996 2559 fuit
1022 2517 1112 2558 ex
1140 2497 1390 2559 Divino
1416 2497 1483 2558 in
1510 2496 1692 2578 IpSO,
1711 2497 1865 2559 ideo
1890 2497 2119 2559 omnia
2146 2495 2366 2559 Patris
2391 2494 2657 2559 fuerunt
2687 2495 2925 2578 IpsiuS,

690 2590 871 2672 quod
908 2589 1469 2670 intelligiturper
1504 2590 1687 2671 quod
1729 2589 2051 2652 “dederit
2087 2590 2288 2652 Pater
2317 2590 2548 2652 omnia
2584 2591 2649 2652 in
2690 2609 2928 2652 manus

692 2682 910 2765 Ipsius
935 2683 987 2745 :⁹³
1034 2694 1105 2747 et
1143 2685 1297 2766 quia
1336 2703 1539 2746 unum
1577 2693 1796 2759 erant,
1831 2684 2019 2758 dicit,
2057 2681 2252 2765 “Qui
2285 2681 2398 2746 Me
2437 2684 2741 2765 suscipit,
2776 2703 2924 2744 sus-

690 2778 855 2859 cipit
892 2777 1118 2859 Ipsum
1158 2778 1269 2858 qui
1308 2778 1487 2840 misit
1522 2776 1638 2840 Me
1661 2777 1712 2839 :”
1759 2797 1878 2859 per
1907 2778 2151 2840 “exire
2189 2797 2230 2840 a
2267 2775 2528 2850 Patre‚‘’
2554 2787 2625 2840 et
2655 2777 2927 2839 “redire

690 2871 777 2933 ad
818 2870 1149 2945 Patrem,”
1179 2870 1587 2952 intelligitur
1624 2871 1890 2952 concipi
1927 2880 1998 2933 et
2037 2872 2128 2934 sic
2169 2872 2468 2934 existere
2505 2870 2592 2933 ab
2632 2870 2812 2952 Ipso,
2847 2889 2924 2932 ac

692 2965 859 3027 uniri
900 2964 1057 3046 Ipsi,
1092 2965 1269 3028 sicut
1301 2967 1528 3028 anima
1559 2966 1846 3046 corpori.
1936 2965 2143 3047 Apud
2175 2965 2488 3037 eundem,

788 3097 952 3162 “Ego
985 3113 1101 3148 sum
1129 3097 1232 3156 via..
1257 3098 1456 3147 veritas
1492 3109 1546 3148 et
1568 3099 1708 3156 vita:
1745 3112 1907 3147 nemo
1931 3098 2080 3147 venit
2107 3099 2176 3148 ad
2215 3098 2430 3148 Patrem
2455 3098 2559 3148 nisi
2589 3113 2684 3161 per
2713 3097 2844 3154 Mc:
2879 3097 2926 3147 si

950 3163 1283 3226 cognovistis
1322 3161 1428 3222 Me,
1454 3165 1614 3213 etiam
1655 3163 1868 3212 Patrem
1905 3179 2082 3213 meum
2113 3163 2460 3226 cognovistis,
2489 3173 2544 3214 et
2577 3165 2771 3213 abhinc
2805 3178 2928 3226 cog·

952 3229 1180 3278 novistis
1213 3227 1393 3290 Ipsum
1430 3237 1484 3278 et
1510 3227 1719 3278 vidistis
1759 3227 1958 3290 ipsum.
2031 3228 2170 3278 Dicit
2209 3227 2316 3290 ipsi
2359 3228 2649 3291 Philippus,
2678 3229 2926 3284 Domine,

952 3305 1196 3344 monstra
1213 3293 1370 3342 nobis
1386 3293 1621 3351 Patrem3
1635 3331 1646 3343 .
1668 3331 1681 3344 .
1699 3330 1713 3344 .
1733 3293 1883 3343 .dicit
1899 3293 1976 3342 illi
1992 3292 2402 3358 Jesus‚'1'anturn
2423 3303 2633 3356 tempus
2647 3295 2924 3344 vobiscum

952 3373 1089 3419 sum,
1115 3369 1169 3408 et
1196 3372 1304 3406 non
1336 3359 1476 3407 nosti
1506 3357 1613 3418 Me,
1643 3358 1918 3422 Philippe:
1955 3359 2044 3422 qui
2073 3358 2207 3407 vidit
2243 3357 2331 3407 Me
2358 3358 2491 3407 vidit
2520 3358 2765 3415 Patrem:
2800 3373 2926 3423 quo-

952 3425 1114 3473 modo
1150 3438 1279 3485 ergo
1316 3433 1371 3472 tu
1400 3423 1544 3483 dicis,
1573 3423 1820 3473 Monstra
1853 3425 2010 3472 nobis
2040 3424 2286 3473 Patrem?
2356 3423 2555 3473 Nonne
2583 3425 2756 3473 credis
2783 3425 2924 3487 quod

956 3489 1071 3552 Ego
1094 3489 1148 3538 in
1179 3489 1351 3547 Patre,
1372 3499 1425 3538 et
1452 3489 1611 3538 Pater
1628 3491 1682 3538 in
1713 3488 1858 3540 Mei.
1880 3525 1892 3538 .
1911 3525 1924 3538 .
1945 3488 2130 3538 ‚Pater
2147 3489 2237 3551 qui
2261 3489 2315 3536 in
2343 3488 2434 3536 Me
2451 3501 2650 3546 manet,
2681 3489 2776 3538 Ille
2801 3489 2928 3538 iacit

953 3569 1149 3682 gperzf:
1201 3554 1399 3603 credite
1438 3553 1588 3614 Mihi,
1618 3555 1758 3618 quod
1797 3553 1914 3616 Ego
1949 3554 2003 3602 in
2049 3553 2220 3611 Patre,
2250 3563 2304 3602 et
2346 3552 2508 3603 Pater
2543 3555 2598 3603 in
2637 3553 2771 3603 Me”
2798 3555 2926 3614 (κίν.

1023 3631 1077 3668 11
1119 3636 1134 3671 t

690 3732 800 3796 hic
831 3732 1190 3795 manifeste
1222 3730 1467 3795 dicitur
1488 3729 1671 3812 quod
1707 3729 1905 3792 Pater
1927 3739 2000 3793 et
2032 3729 2188 3811 Ipse
2217 3747 2423 3793 unum
2457 3731 2615 3805 sint,
2641 3741 2716 3796 et
2744 3733 2925 3816 quod

693 3835 851 3897 unio
896 3833 984 3896 sit
1022 3833 1196 3895 sicut
1241 3841 1347 3895 est
1394 3832 1552 3894 unio
1590 3831 1853 3893 animae
1900 3839 1970 3894 et
2017 3830 2355 3911 corporis:
2405 3833 2502 3894 ita
2547 3832 2727 3914 quod
2771 3832 2929 3896 talis

694 3929 875 4004 unic,
910 3937 985 3991 ut
1031 3928 1142 4010 qui
1180 3927 1367 3991 videt
1417 3925 1645 4007 Ipsum
1680 3925 1908 3988 videat
1957 3924 2246 3988 Patrem.
2339 3925 2464 3989 Illa
2497 3929 2657 3990 unio
2687 3925 2926 3990 confir·

694 4032 918 4086 matur
942 4021 1229 4102 amplius
1261 4022 1325 4082 in
1352 4019 1470 4083 illo
1497 4021 1759 4100 capite:
1805 4028 1879 4081 et
1903 4019 2057 4100 quia
2089 4018 2246 4082 talis
2269 4020 2429 4082 unio
2459 4019 2604 4094 fuit,
2629 4031 2698 4084 et
2725 4038 2928 4082 nemo

692 4124 926 4199 potest
976 4116 1161 4178 adire
1206 4115 1505 4178 animam
1548 4113 1860 4189 hominiS,
1909 4112 2028 4176 sed
2073 4113 2290 4194 ipsum
2345 4111 2713 4189 hominem,
2771 4113 2930 4177 ideo

694 4212 881 4286 dicit,

794 4341 951 4408 Quod
985 4341 1198 4392 adirent
1233 4340 1435 4404 Ipsum,
1471 4355 1534 4391 ac
1572 4347 1819 4404 peterent
1855 4337 2073 4390 Patrem
2112 4339 2167 4390 in
2209 4339 2431 4391 nomine
2470 4337 2663 4404 Ipsius,
2695 4348 2748 4391 et
2785 4341 2928 4404 quod

962 4407 1087 4471 lpse
1108 4409 1261 4458 daret
1284 4407 1389 4456 illis
1412 4407 1561 4472 (Joh.
1584 4407 1690 4456 xvi.
1717 4418 1795 4467 23,
1821 4405 1920 4468 24).

694 4531 880 4599 Unio
916 4531 1125 4597 etiam
1164 4529 1280 4595 illa
1316 4529 1725 4612 intelligitur
1760 4549 1880 4613 per
1915 4525 2098 4612 quod
