3259 5384
959 679 1117 731 cAP.
1154 681 1307 746 xn..
1336 683 1551 757 ⁸vinis.
1591 670 1847 735 16.-—N.
1880 671 2024 752 764
2437 689 2600 757 2135

462 847 1137 980 Quodsgfiigzjipemopecnli
1162 854 1532 916 prudentiores
1556 856 1668 906 sint
1683 869 1846 920 supra
1863 855 2002 908 filios
2019 857 2150 908 lucis
2175 857 2230 906 in
2252 861 2602 921 generatione

964 953 979 978 2

366 1036 433 1093 et
466 1047 588 1108 per
620 1030 790 1094 haec
830 1031 917 1094 de
954 1042 1273 1114 serpente
1309 1036 1489 1116 apud
1526 1035 1780 1112 Mosen,

456 1139 485 1160 ‘¹
500 1137 859 1264 Serrzecnezftiiiiit·
880 1149 1090 1268 ῗῗξυιυο
1119 1155 1247 1204 prae
1267 1143 1419 1192 omni
1442 1143 1557 1194 fera
1579 1145 1712 1208 agri,
1731 1159 1890 1209 quam
1915 1146 2114 1198 fecerat
2135 1146 2378 1212 Jehovah
2405 1147 2553 1200 Dens
2570 1148 2600 1170 ’⁹

364 1345 476 1408 per
512 1330 1012 1410 “serpentem''
1048 1330 1464 1412 significatur
1500 1334 1813 1398 sensuale
1851 1336 2161 1400 hominis.

478 1418 767 1502 [7632.
824 1427 863 1458 ¹¹
872 1422 949 1485 m
996 1422 1162 1485 mam
1216 1443 1257 1485 a
1305 1424 1543 1488 flamine
1593 1426 1943 1507 absorptam
1994 1429 2592 1512 faceret.''—Quod

364 1510 689 1592 significet
736 1523 813 1576 ut
850 1514 1113 1578 ecclesia
1156 1515 1279 1579 illa
1313 1527 1442 1597 per
1485 1519 2018 1583 ratiocinationes
2053 1529 2501 1584 occaecaretur
2532 1531 2599 1584 et

362 1603 839 1683 dissiparetur,
870 1607 1191 1670 videatur
1220 1626 1388 1671 mox
1426 1628 1629 1691 supra
1655 1626 1724 1684 (n.
1750 1609 1954 1692 762).]
2255 1627 2262 1632 ·

467 1696 669 1778 764.
718 1709 879 1769 [Vm.
904 1713 1003 1771 xa]
1046 1695 1164 1759 “ft
1180 1697 1409 1780 adjuvit
1424 1705 1601 1761 terra
1620 1699 1960 1773 mulierem,
1977 1707 2046 1765 et
2063 1701 2308 1782 aperuit
2324 1709 2501 1765 urea
2517 1721 2592 1766 os

360 1800 544 1856 sunm,
574 1794 644 1850 et
668 1785 985 1868 deglutivit
1006 1786 1225 1849 numen
1250 1788 1415 1868 quod
1439 1789 1629 1870 ejoee‘t
1653 1790 1848 1853 draeo
1874 1809 1959 1853 η
1982 1810 2092 1854 en
2118 1790 2588 1873 suo.”--Quod

362 1875 687 1954 significet
724 1878 906 1960 quod
933 1877 1043 1940 illi
1070 1878 1193 1960 qui
1220 1879 1305 1942 ab
1339 1878 1604 1943 ecclesia
1637 1901 1806 1962 quae
1841 1901 1965 1944 non
2001 1883 2080 1944 in
2107 1884 2286 1946 veris
2322 1893 2593 1963 operam

352 1973 833 2049 praestiterint,
850 1983 915 2036 et
930 1983 1197 2037 astutas
1218 1973 1752 2038 ratiocinationes
1773 1975 2042 2040 illorum
2058 1978 2180 2058 qui
2190 1999 2234 2040 a
2234 1979 2381 2061 fide
2396 1988 2590 2058 sepa-

360 2073 506 2128 rata
524 2077 769 2144 essent,
793 2087 919 2129 non
936 2065 1315 2146 receperint,
1339 2076 1611 2132 constat
1631 2089 1722 2131 ex
1745 2069 2237 2151 significatione
2263 2077 2302 2104 “
2323 2082 2543 2136 terrae
2559 2071 2590 2098 '⁹

360 2177 515 2239 quae
546 2160 806 2242 adjuvit
848 2160 1215 2236 mulierem,
1250 2162 1433 2244 quod
1470 2161 1558 2225 sit
1590 2162 1881 2227 ecclesia
1910 2185 2083 2247 quae
2116 2185 2250 2228 non
2288 2166 2354 2228 in
2387 2165 2585 2239 verb,

361 2271 503 2315 nam
548 2275 671 2336 per
721 2259 1027 2318 “terram
1044 2254 1074 2280 ‘’
1119 2255 1228 2318 hic
1274 2253 1682 2337 intelligitur
1718 2266 1900 2320 terra
1947 2259 2220 2335 deserti,
2270 2260 2334 2321 in
2384 2279 2587 2341 quam

360 2347 580 2420 mulier
627 2349 823 2430 fugit,
887 2358 957 2412 et
1018 2348 1126 2411 ubi
1184 2347 1420 2411 habuit
1480 2347 1704 2412 locum
1765 2363 2238 2432 praeparatum
2296 2374 2337 2415 a
2397 2353 2584 2415 Deo:

360 2439 501 2496 <quod
521 2446 547 2464 ’¹
564 2449 695 2488 terra
714 2441 885 2488 deserti
904 2441 933 2458 '⁰
954 2441 1185 2500 sanificet
1214 2442 1463 2488 ecelesiam
1485 2454 1611 2499 quae
1630 2456 1730 2488 non
1751 2443 1800 2488 in
1822 2445 1944 2489 veris
1963 2445 2078 2502 quia
2097 2459 2195 2491 non
2225 2445 2275 2490 in
2305 2446 2452 2498 bono,
2475 2458 2589 2490 oon-

358 2521 441 2558 sm
457 2528 513 2560 ex
530 2517 882 2576 significatione
900 2512 929 2530 ‘⁶
944 2515 1143 2570 terrae,'‘
1163 2517 1297 2574 quod
1319 2517 1378 2561 sit
1394 2517 1609 2569 ecclesia.
1628 2518 1692 2562 de
1713 2530 1812 2575 qua
1830 2531 1988 2576 supra.
2011 2533 2057 2566 n.
2079 2519 2177 2584 29,
2203 2520 2343 2584 304.
2359 2521 2437 2582 41
2449 2518 2586 2584 7[a],

357 2575 488 2656 697.
508 2594 624 2658 741
640 2631 653 2650 .
675 2594 819 2659 742,
842 2595 881 2659 7
892 2595 999 2660 523
1031 2603 1081 2642 et
1106 2609 1169 2642 ex
1192 2595 1539 2654 significatione
1558 2591 1585 2609 ‘¹
1601 2596 1824 2651 deserti,”
1853 2599 1988 2655 quod
2013 2599 2075 2644 sit
2095 2599 2178 2644 ubi
2199 2613 2298 2644 non
2319 2611 2502 2652 verum,
2525 2601 2586 2646 de

357 2675 599 2729 quaestam
622 2689 786 2734 supra,
808 2689 857 2722 n.
881 2675 1009 2739 730
1023 2675 1059 2735 ς)
1099 2679 1189 2722 ex
1222 2658 1728 2741 significatione
1758 2667 1797 2693 ‘⁴
1815 2661 2138 2742 adjuvare
2165 2662 2582 2735 mulierem,'’

358 2751 521 2832 quod
568 2753 657 2816 sit
708 2771 986 2833 operam
1031 2761 1379 2831 praestare
1426 2749 1664 2814 Novae
1703 2751 2076 2828 Ecclesiae,
2117 2774 2287 2836 quae
2335 2751 2586 2818 Sancta

360 2842 829 2928 Hierosolyma
851 2855 1171 2908 vocatur:
1220 2853 1291 2907 et
1316 2865 1406 2908 ex
1433 2844 1926 2926 significatione
1950 2852 1988 2880 ‘⁶
2007 2848 2262 2928 aperire
2286 2866 2366 2910 os
2391 2868 2582 2911 suum

358 2949 419 3000 et
449 2939 783 3021 deglutire
815 2939 1084 3012 flumen,
1120 2937 1300 3020 quod
1333 2938 1531 3019 ejecit
1562 2939 1771 3003 draco
1803 2958 1892 3003 ex
1927 2960 2040 3002 ore
2067 2940 2248 3015 suo,”
2278 2941 2459 3023 quod
2494 2943 2582 3005 sit

358 3044 578 3098 acutas
614 3034 1173 3098 ratiocinationes
1217 3032 1506 3107 illorum,
1547 3035 1660 3116 qui
1705 3055 1746 3097 a
1789 3031 1920 3099 fide
1959 3045 2272 3116 separata
2307 3045 2578 3112 essent;

362 3125 701 3192 “flumen'’
738 3129 918 3190 enim
958 3133 1359 3209 “aquarum,
1400 3128 1583 3209 quod
1621 3128 1830 3192 draco
1867 3128 2065 3209 ejecit
2110 3147 2201 3191 ex
2238 3148 2354 3192 ore
2401 3128 2580 3202 suo,”

358 3221 680 3302 significat
741 3233 978 3286 acutas
1036 3222 1589 3285 ratiocinationes
1637 3242 1727 3284 ex
1773 3221 1976 3298 falsis,
2025 3232 2099 3285 ut
2145 3243 2235 3285 ex
2283 3221 2580 3286 articulis

356 3313 513 3378 binis
532 3315 1098 3398 praecedentibus
1120 3325 1311 3396 patet
1334 3337 1350 3392 3
1390 3325 1461 3378 et
1485 3317 1796 3396 “aperire
1821 3337 1898 3380 os
1919 3324 1992 3379 et
2011 3315 2410 3397 deglutire,”
2425 3335 2580 3378 cum

357 3411 433 3474 de
458 3412 767 3486 ecclesia,
801 3430 971 3493 quae
1004 3407 1421 3491 significatur
1450 3430 1569 3493 per
1596 3415 1637 3443 ‘⁴
1656 3410 1966 3484 terram,”
1997 3409 2331 3492 significat
2363 3409 2580 3473 aufer·

357 3524 457 3582 τες
500 3515 571 3570 et
607 3506 767 3589 quia
800 3504 1096 3568 aufertur
1123 3523 1275 3567 cum
1312 3523 1451 3567 non
1490 3504 1826 3586 recipitur,
1861 3503 2199 3586 significat
2237 3523 2370 3567 non
2411 3505 2580 3567 reci-

357 3617 522 3678 pere.
595 3601 789 3663 Haec
816 3600 913 3663 ita
934 3597 1387 3678 intelligenda
1408 3609 1607 3663 sunt:
1655 3601 1720 3662 in
1747 3599 2312 3661 antecedentibus
2337 3597 2582 3663 dicitur

358 3695 521 3773 quod
556 3694 856 3758 “mulier
886 3692 1131 3774 sugerit
1167 3693 1234 3754 in
1272 3693 1617 3757 desertum
1649 3692 1762 3754 ubi
1797 3691 2006 3756 habet
2038 3690 2263 3755 locum
2295 3711 2579 3773 praepa·

358 3796 559 3851 ratum
604 3809 647 3852 a
694 3786 906 3863 Deo,’'
942 3797 1013 3850 et
1061 3796 1301 3868 postea
1337 3787 1519 3868 quod
1555 3784 1815 3851 “nacta
1859 3787 1947 3849 sit
1992 3785 2134 3848 alas
2182 3785 2466 3868 aquilae,
2507 3795 2578 3849 et

356 3879 678 3945 volaverit
712 3883 781 3944 in
828 3881 1053 3945 locum
1098 3879 1352 3955 suum‚’'
1382 3901 1509 3961 per
1544 3899 1717 3963 quae
1763 3878 2216 3962 significatum
2253 3889 2360 3942 est
2395 3880 2580 3961 quod

356 3973 648 4050 ecclesia,
676 3995 847 4058 quae
882 3975 1080 4039 Nova
1114 3972 1594 4056 Hierosolyma
1624 3983 1926 4048 vocatur,
1959 3983 2462 4037 commoratura
2491 3975 2582 4038 sit

356 4065 521 4132 inter
548 4068 703 4132 illos
738 4071 850 4152 qui
886 4070 954 4132 in
992 4067 1301 4134 doctrina
1335 4066 1491 4132 fidei
1528 4078 1884 4148 separatae
1922 4077 2102 4143 sunt,
2137 4067 2298 4130 dum
2335 4069 2578 4132 crescit

358 4159 416 4222 in
458 4162 751 4242 plenum,
792 4183 1001 4246 usque
1044 4163 1207 4227 dum
1253 4162 1649 4244 providetur
1689 4163 1868 4225 inter
1904 4161 2166 4243 plures;
2221 4161 2340 4224 sed
2387 4163 2454 4224 in
2499 4183 2584 4224 ea

358 4254 631 4320 ecclesia
654 4257 988 4321 dracones
1017 4267 1198 4332 sunt,
1232 4257 1343 4339 qui
1378 4264 1701 4338 separant
1731 4254 1936 4319 fidem
1965 4276 2006 4319 a
2037 4255 2235 4318 bonis
2263 4256 2578 4336 operibus

360 4365 480 4411 non
528 4349 749 4414 solum
798 4348 1107 4414 doctrina
1154 4350 1275 4414 sed
1326 4351 1534 4413 etiam
1579 4350 1760 4427 vita3
1813 4359 1888 4414 at
1939 4349 2174 4432 reliqui
2223 4349 2288 4411 in
2339 4349 2580 4412 eadem

360 4441 653 4518 ecclesia,
686 4446 799 4527 qui
830 4445 1067 4508 vivunt
1096 4445 1308 4508 vitam
1341 4442 1515 4518 fidei,
1550 4463 1723 4525 quae
1755 4451 1862 4507 est
1899 4443 2212 4517 charitaS,
2247 4461 2384 4506 non
2423 4443 2578 4506 dra·

360 4553 551 4600 eones
580 4547 759 4614 sunt,
794 4539 1069 4602 tametsi
1100 4539 1279 4602 inter
1306 4537 1499 4615 illos;
1548 4555 1708 4600 nam
1733 4555 1871 4600 non
1895 4536 2092 4602 aliter
2121 4537 2341 4600 sciunt
2374 4555 2578 4618 quam

358 4630 523 4711 quod
565 4651 657 4696 ex
703 4629 1011 4696 dostrlna
1046 4633 1133 4700 sit
1168 4631 1353 4716 quod
1390 4630 1557 4696 fides
1594 4631 1926 4713 producat
1961 4627 2232 4706 fructus,
2268 4630 2378 4712 qui
2417 4640 2577 4694 sunt
