3259 5384
612 669 785 750 2164
1233 679 1737 733 APOCALvPffls
1781 679 2233 732 ExrchTA.

612 858 652 885 ‘⁴
672 849 937 928 Ultor,”
964 855 1005 884 “
1024 850 1359 927 ZeloteS,'’
1387 856 1427 884 “
1444 850 1799 926 irascen3,”
1826 854 1868 884 ‘⁸
1888 850 2404 915 excandescens
2426 848 2480 928 ;’'
2501 869 2674 932 quae
2699 847 2854 915 loca·

609 944 822 1009 Verbi
866 946 961 1008 sic
1009 944 1387 1021 falsificant,
1436 963 1592 1008 nam
1639 944 1805 1008 talia
1849 943 2168 1008 dicuntur
2209 943 2278 1006 in
2324 963 2528 1008 sensu
2579 942 2848 1007 litterae

611 1037 821 1103 Verbi
886 1039 1255 1103 secundum
1323 1039 1792 1121 apparentias:
1842 1037 2113 1120 quando
2177 1038 2358 1100 enim
2423 1038 2632 1101 homo
2693 1045 2849 1119 post

607 1141 921 1208 mortem,
961 1132 1119 1195 dum
1168 1131 1243 1195 fit
1288 1132 1579 1214 spiritus,
1620 1133 1688 1195 in
1731 1130 1924 1195 malis
1977 1140 2082 1194 est
2128 1149 2248 1212 per
2282 1131 2498 1194 vitam
2542 1150 2736 1194 suam
2775 1131 2848 1194 in

608 1225 883 1302 mundo,
917 1236 1078 1292 tunc
1116 1227 1363 1291 avertit
1395 1247 1468 1290 se
1499 1245 1541 1289 a
1572 1225 1908 1301 Domino;
1955 1234 2026 1289 et
2057 1243 2210 1288 cum
2241 1224 2330 1288 ab
2363 1225 2521 1307 Ipso
2551 1245 2626 1288 se
2655 1245 2849 1288 aver-

607 1319 714 1394 tit,
762 1328 834 1383 et
880 1320 1111 1401 Ipsum
1148 1331 1380 1402 negat,
1430 1340 1567 1383 non
1613 1319 1903 1402 amplius
1947 1327 2180 1402 potest
2232 1321 2300 1382 in
2357 1317 2578 1384 tutela
2631 1317 2850 1400 Ipsius

606 1431 757 1476 esse
794 1415 949 1496 quin
988 1414 1239 1477 malum
1278 1413 1417 1496 ejus
1455 1413 1640 1477 illum
1679 1415 1932 1495 puniat,
1973 1433 2130 1476 nam
2177 1413 2360 1476 malo
2403 1413 2582 1477 inest
2627 1431 2850 1494 poena

608 1505 789 1582 mali,
838 1509 1011 1571 sicut
1057 1509 1241 1572 bono
1285 1510 1461 1572 inest
1506 1527 1766 1573 merces
1811 1507 2011 1587 boni;
2066 1517 2136 1571 et
2183 1509 2336 1590 quia
2381 1507 2642 1590 punitio
2689 1505 2852 1570 mali

606 1621 649 1662 a
700 1601 903 1676 malo,
951 1601 1079 1666 hoc
1135 1612 1262 1678 est,
1308 1621 1349 1666 a
1407 1601 1623 1678 malis,
1685 1612 1969 1684 apparet
2025 1603 2198 1665 sicut
2256 1601 2432 1664 foret
2490 1601 2752 1682 punitio
2809 1620 2853 1663 a

610 1693 877 1770 Divino,
915 1694 1065 1759 ideo
1103 1717 1191 1759 ex
1232 1697 1629 1778 apparentia
1664 1695 1781 1759 illa
1811 1695 2055 1760 dicitur
2084 1696 2150 1758 in
2183 1694 2419 1759 Verbo
2455 1695 2541 1758 de
2575 1693 2848 1771 Divin0,

612 1790 791 1872 quod
822 1790 1261 1866 “irascatur,”
1288 1788 1821 1866 “condemnet,”
1850 1797 1889 1823 ‘⁸
1908 1789 2222 1871 conjiciat
2261 1790 2325 1853 in
2366 1788 2754 1864 infernum,”
2777 1800 2853 1854 et

611 1882 870 1946 similia.
940 1882 1140 1964 Quod
1167 1895 1396 1948 tamen
1426 1883 1758 1948 Dominus
1781 1883 2040 1946 nullum
2063 1883 2479 1947 condemnet
2497 1891 2568 1946 et
2589 1883 2850 1965 puniat,

608 1973 925 2041 videatur
948 1976 1014 2038 in
1040 1995 1249 2057 opere
1268 1975 1369 2039 De
1396 1974 1594 2041 Caelo
1613 1985 1680 2038 et
1699 1974 1976 2054 Inferno
1995 1989 2066 2050 (n.
2087 1990 2350 2049 54s-sso)‚
2372 1973 2487 2036 ubi
2509 1975 2740 2054 agitur
2760 1973 2854 2036 de

612 2085 715 2140 eo,
740 2063 942 2146 Quod
978 2066 1309 2129 Dominus
1341 2069 1683 2130 neminem
1713 2068 1780 2130 in
1819 2065 2162 2130 Infernum
2194 2065 2483 2147 dejiciat,
2511 2064 2633 2128 sed
2664 2063 2852 2148 quod

608 2159 751 2242 ipse
782 2157 1069 2240 Spiritus
1099 2172 1335 2225 semet.
1408 2159 1521 2224 Ex
1554 2161 1660 2224 his
1691 2168 2005 2224 constare
2027 2168 2263 2241 potest
2287 2157 2632 2240 quomodo
2661 2157 2853 2223 blas-

610 2251 967 2333 phematur
989 2253 1308 2319 Divinum
1328 2274 1446 2337 per
1465 2252 2002 2318 falsificationem
2022 2252 2234 2316 Verbi
2259 2272 2275 2330 ;
2308 2252 2650 2334 cogitatur
2667 2253 2851 2316 enim

608 2347 789 2429 quod
824 2347 1009 2410 Deus
1038 2347 1263 2429 aliquo
1293 2345 1601 2430 respectu
1638 2347 1725 2411 sit
1748 2347 2024 2423 vindex,
2053 2346 2255 2422 ultor,
2283 2344 2464 2429 quod
2495 2345 2852 2421 irascatur,

611 2439 925 2521 conjiciat
968 2441 1036 2504 in
1080 2441 1430 2517 infernum,
1472 2442 1729 2523 puniat,
1769 2460 1923 2506 cum
1960 2451 2192 2504 tamen
2229 2439 2483 2502 malum
2515 2460 2587 2502 se
2624 2439 2852 2520 ipsum

611 2534 823 2614 punit,
862 2535 958 2598 ita
995 2534 1342 2610 infernum,
1376 2555 1418 2598 a
1453 2556 1587 2618 quo
1618 2534 1894 2608 malum,
1933 2543 2006 2597 et
2045 2553 2180 2597 non
2221 2532 2560 2596 Divinum.
2651 2531 2846 2595 Blas-

609 2627 969 2708 phematur
1006 2627 1322 2692 Divinum
1362 2649 1479 2712 per
1515 2628 2055 2694 falsificationem
2088 2627 2322 2704 Verbi,
2357 2628 2564 2692 etiam
2604 2646 2728 2709 per
2757 2626 2850 2702 id,

608 2721 790 2804 quod
822 2723 1104 2787 credant
1141 2734 1210 2787 et
1250 2724 1557 2806 cogitent
1596 2725 1778 2808 quod
1818 2723 2003 2787 Deus
2042 2722 2244 2787 Pater
2279 2721 2568 2786 voluerit
2603 2741 2850 2786 recon-

610 2816 816 2879 ciliari
869 2816 1165 2881 humano
1215 2819 1447 2901 generi
1508 2838 1627 2901 per
1685 2836 1975 2901 poenam
2029 2817 2309 2882 ultimae
2363 2816 2850 2890 damnationis,

610 2931 784 2992 quae
820 2920 965 2975 erat
1011 2913 1235 2992 passio
1280 2913 1515 2988 cruciS,
1554 2921 1625 2976 et
1663 2913 1758 2976 sic
1805 2931 1923 2994 per
1968 2913 2368 2994 sanguinem
2416 2909 2568 2973 Filii
2611 2909 2738 2984 sui,
2775 2917 2854 2973 et

609 3003 789 3086 quod
838 3026 955 3088 per
985 3006 1053 3070 id
1098 3017 1482 3070 commotus
1526 3009 1615 3070 sit
1661 3014 1732 3070 et
1777 3011 2292 3070 commoveatur
2336 3004 2421 3067 ad
2468 3003 2854 3067 misericor-

610 3098 811 3162 diam.
903 3097 1070 3179 Quis
1102 3119 1261 3176 non,
1287 3101 1391 3164 cui
1426 3097 1815 3164 intellectus
1851 3099 2231 3163 illustratus
2268 3107 2395 3173 est,
2429 3097 2638 3172 videt,
2665 3097 2856 3179 quod

609 3193 815 3256 etiam
839 3191 968 3256 hoc
996 3201 1235 3257 contra
1261 3192 1579 3256 Divinum
1602 3194 1714 3269 sit,
1742 3201 1814 3257 et
1844 3201 2343 3275 consequenter
2365 3200 2607 3254 contra
2629 3210 2854 3272 genu·

608 3287 791 3350 inum
829 3286 1086 3351 Verum
1126 3286 1383 3350 Verbi?
1472 3287 1650 3351 Nam
1687 3287 1869 3370 quod
1908 3297 2149 3350 contra
2186 3285 2506 3348 Divinum
2550 3293 2681 3359 est,
2719 3285 2854 3348 hoc

609 3379 1029 3462 blasphemia
1059 3391 1165 3444 est
1190 3402 1205 3458 ;
1253 3380 1409 3444 inde
1443 3401 1710 3464 quoque
1741 3380 2009 3444 trahere
2035 3397 2306 3442 sensum
2341 3377 2608 3441 litterae
2636 3376 2858 3442 Verbi

608 3475 695 3537 ad
728 3474 1259 3538 confirmandum
1305 3475 1495 3550 illud,
1532 3472 1957 3557 blasphemia
2001 3481 2128 3538 est.
2217 3471 2352 3536 Sed
2379 3472 2464 3536 de
2508 3472 2640 3536 hac
2672 3492 2751 3536 re
2786 3472 2857 3535 in

608 3570 1044 3653 sequentibus
1082 3568 1291 3650 plura.

732 3659 861 3743 [b0]
902 3659 1085 3742 Quid
1123 3661 1356 3742 itaque
1386 3658 1733 3741 significat
1761 3665 1803 3692 “
1821 3657 2314 3742 blasphemia,”
2339 3667 2662 3720 constare
2689 3665 2856 3739 pot-

608 3761 715 3816 est
760 3773 853 3817 ex
906 3752 1073 3818 locis
1123 3753 1191 3815 in
1236 3751 1472 3816 Verbo
1526 3752 1637 3814 ubi
1683 3751 1947 3826 dicitur,
1995 3772 2086 3815 ex
2131 3751 2370 3834 quibus
2420 3749 2588 3814 haec
2643 3748 2860 3813 modo

609 3849 675 3910 in
713 3847 1009 3911 medium
1048 3847 1209 3911 licet
1254 3845 1489 3910 afferre
1512 3845 1830 3928 t—Apud
1865 3843 2368 3926 Evangelistas,

725 3981 883 4046 Jesus
907 3982 1056 4041 dixit,
1077 3979 1595 4044 “Omne'peccatum
1620 3987 1677 4029 et
1699 3977 2034 4042 blasphemia
2056 3977 2358 4027 remittetur
2378 3975 2602 4036 homini,
2621 3975 2858 4040 Spiritus
2957 4033 2962 4038 ,

871 4062 1001 4097 vero
1036 4047 1372 4110 blasphemia
1399 4060 1508 4095 non
1538 4045 1836 4094 remittetur
1859 4043 2197 4094 hominibus:
2233 4043 2400 4092 immo
2435 4043 2482 4091 si
2509 4041 2628 4106 quis
2655 4042 2859 4092 dixerit

870 4114 1090 4163 verbum
1105 4121 1293 4162 contra
1308 4111 1500 4162 Filium
1517 4109 1770 4168 bominis,
1785 4109 2084 4158 remittetur
2099 4109 2196 4166 illi:
2215 4108 2446 4172 quivero
2459 4107 2654 4156 dixerit
2663 4118 2860 4158 contra

870 4177 1123 4241 Spiritum
1158 4173 1420 4234 sanctum,
1444 4191 1555 4225 non
1586 4176 1885 4224 remittetur
1907 4174 2000 4232 illi,
2023 4187 2198 4238 neque
2221 4174 2276 4222 in
2304 4173 2406 4222 hoc
2433 4171 2653 4222 saeculo
2679 4187 2857 4237 neque

870 4243 925 4292 in
950 4242 1129 4293 futuro
1144 4241 1173 4263 ''
1196 4241 1413 4302 (Μαῖα.
1436 4241 1525 4290 xii.
1551 4253 1630 4301 31,
1656 4239 1760 4302 32);

709 4310 742 4333 ‘⁸
758 4307 893 4358 Dico
912 4308 1067 4358 vobis
1089 4309 1231 4372 quod
1254 4307 1441 4357 omnia
1464 4316 1682 4370 peccata
1705 4305 2045 4354 remittentur
2061 4303 2182 4354 filiis
2207 4303 2442 4354 hominis
2461 4317 2499 4360 ;.
2519 4339 2532 4352 .
2551 4339 2564 4352 .
2585 4303 2854 4367 ,quisquis

871 4382 1050 4424 autem
1078 4372 1531 4437 blasphemaverit
1557 4371 1613 4420 in
1641 4371 1922 4434 Spiritum.
1943 4407 1980 4428 ..
2009 4385 2118 4420 non
2144 4369 2362 4418 babebit
2384 4367 2764 4418 remissionem
2801 4369 2855 4417 in

871 4447 1165 4500 aeternum,
1184 4439 1278 4488 sed
1302 4453 1425 4488 reus
1448 4437 1549 4488 erit
1571 4437 1777 4486 aeterni
1799 4435 1982 4498 judicii
1996 4433 2025 4455 '⁹
2047 4434 2234 4496 (Mare.
2261 4435 2331 4486 iii.
2357 4433 2434 4492 28,
2456 4434 2570 4495 29);

709 4505 739 4530 ‘⁸
752 4503 969 4556 Omnis.
991 4505 1102 4569 .qui
1135 4504 1327 4554 dixerit
1355 4504 1576 4552 verbum
1605 4509 1794 4551 contra
1819 4499 2008 4550 Filium
2044 4499 2296 4554 bominis.
2323 4499 2625 4549 remittetur
2653 4497 2771 4558 illi:
2806 4499 2855 4548 ei

869 4584 1013 4630 vero,
1038 4571 1127 4634 qui
1157 4570 1409 4634 Spiritum
1438 4564 1686 4618 sanctum
1711 4565 2178 4630 blasphemaverit,
2203 4579 2314 4615 non
2341 4565 2643 4616 remittetur
2655 4562 2688 4585 '⁹
2707 4563 2854 4624 (Luc.

868 4636 957 4688 xii.
986 4637 1085 4698 10):
