3259 5384
564 654 732 719 2282
1186 664 1690 749 APOCALYPS1s
1735 663 2186 745 ExrucATA.

655 833 917 949 “Habgte
946 834 1103 885 fidem
1144 834 1277 893 Dei:
1310 848 1497 913 amen.
1516 834 1662 912 ‚dico
1686 834 1878 893 vobis:
1891 834 2034 897 quod
2061 833 2363 911 quicunque
2395 832 2596 947 dirxdcrit
2629 832 2798 883 monti

822 900 1275 1029 sagma
1286 910 1589 1029 2‘52203223
1610 900 2346 1027 ’ἔιῶῗξῐᾶῗεὲῗῗιῗζξῗὲ
2373 898 2801 1026 ἓῗχοξῖῗῗῐὲῗ

820 1040 965 1079 terea
986 1031 1107 1079 dico
1131 1031 1301 1087 vobis,
1326 1030 1510 1079 omnia
1536 1042 1880 1093 quaecunque
1903 1036 2186 1091 precantes
2209 1028 2408 1091 petitis,
2431 1028 2636 1078 credite
2661 1027 2802 1093 quod

819 1096 1085 1158 accepturi
1110 1096 1243 1153 sitis,
1269 1104 1395 1145 tunc
1420 1094 1509 1146 fiet
1532 1094 1688 1145 vobis
1705 1093 1734 1114 '¹
1758 1094 1851 1157 (xi.
1876 1094 2087 1155 22-24):

559 1217 740 1301 apud
774 1216 1217 1293 Mamaeum,

660 1329 862 1396 “Jesus
896 1330 1073 1380 dixit”
1107 1330 1407 1394 discipulis.
1428 1368 1441 1381 .
1461 1333 1517 1383 .“
1530 1330 1585 1381 Si
1637 1330 1934 1381 habueritis
1969 1330 2146 1389 fidem,
2180 1340 2236 1381 et
2271 1344 2382 1379 non
2417 1329 2801 1387 dubitaveritis.

822 1410 930 1445 non
958 1405 1164 1446 tantum
1190 1396 1242 1446 id
1262 1397 1404 1460 quod
1428 1396 1485 1445 in
1508 1397 1609 1445 ficu
1635 1394 1837 1445 factum
1860 1405 1946 1446 est
1968 1396 2175 1445 facietis
2201 1412 2212 1445 ε
2249 1396 2348 1447 sed
2370 1396 2534 1445 etiam
2559 1397 2606 1444 si
2630 1394 2802 1444 monti

820 1461 943 1509 huic
961 1462 1217 1517 dixeritis.
1237 1462 1489 1520 Tollere..
1510 1462 1736 1526 ‚projice
1753 1470 1807 1511 te
1826 1462 1882 1511 in
1901 1458 2092 1547 muel}
2109 1456 2222 1524 fiet]
2248 1475 2260 1518 ς
2285 1460 2454 1509 immo
2467 1460 2656 1509 omnia
2671 1472 2804 1523 quae

820 1526 1104 1589 petieritis.
1123 1563 1137 1576 .
1157 1524 1500 1576 .credentes”
1524 1528 1579 1577 in
1606 1526 1715 1585 Me,
1741 1526 2054 1589 “accipietis
2083 1524 2096 1545 '
2119 1526 2252 1588 (xxi.
2275 1537 2354 1585 τι,
2379 1526 2495 1587 22):

560 1651 741 1734 apud
778 1649 1046 1725 Lucam,

660 1766 689 1789 ‘⁶
702 1764 757 1815 Si
781 1765 1021 1842 habeatis
1042 1764 1199 1813 fidem
1218 1764 1355 1815 sicut
1372 1742 1601 1843 granum
1620 1763 1843 1841 sinapis,
1863 1773 1916 1813 et
1939 1762 2180 1842 dixeritis
2203 1777 2492 1848 sycomoro
2515 1762 2654 1823 huic.
2671 1762 2802 1813 Era·

820 1830 997 1879 dicare
1025 1840 1079 1879 et
1104 1830 1344 1892 plantare
1370 1844 1423 1878 m
1450 1844 1603 1889 man,
1627 1840 1808 1893 utique
1832 1829 2050 1879 obediet
2067 1829 2222 1878 vobis
2253 1828 2266 1848 ’
2289 1828 2436 1891 (xvn.
2460 1828 2530 1891 6).

562 1960 765 2043 Quod
802 1960 972 2025 haec
1012 1960 1211 2026 aliter
1248 1959 1700 2043 intelligenda
1729 1960 1868 2025 sint
1904 1978 2112 2043 quam
2157 1963 2534 2026 secundum
2565 1963 2798 2038 verba,

561 2066 878 2119 constare
914 2065 1151 2139 potest
1188 2076 1277 2119 ex
1316 2076 1421 2132 e0,
1462 2054 1646 2139 quod
1683 2052 1940 2119 dictum
1980 2056 2068 2119 sit
2106 2056 2194 2118 ad
2241 2056 2632 2141 discipulos,
2671 2055 2804 2121 “Si

560 2146 765 2212 fidem
820 2148 1153 2214 haberent
1208 2150 1384 2213 sicut
1445 2169 1737 2233 granum
1801 2150 2077 2232 sinapis,
2134 2148 2316 2233 quod
2375 2161 2686 2214 montem
2730 2159 2806 2216 et

560 2261 990 2323 sycomorum
1038 2244 1423 2325 potuissent
1488 2242 1645 2306 loco
1706 2260 1830 2307 suo
1879 2242 2176 2307 evellere
2229 2253 2302 2308 et
2349 2244 2678 2326 projicere
2737 2246 2807 2308 in

560 2335 807 2411 mare,’'
840 2347 985 2400 tum
1019 2336 1201 2420 quod
1230 2337 1517 2401 “omnia
1553 2357 1728 2420 quae
1765 2346 2080 2420 peterent
2114 2340 2461 2421 accepturi
2493 2348 2726 2403 essent
2757 2338 2810 2418 ;''

563 2450 717 2494 cum
750 2440 983 2495 tamen
1016 2450 1153 2494 non
1193 2451 1283 2495 ex
1323 2431 1575 2494 Divino
1612 2429 1850 2495 ordine
1887 2441 1993 2495 est
2032 2442 2107 2495 ut
2139 2433 2421 2515 quisque
2458 2434 2806 2516 acciperet

562 2525 743 2607 quod
783 2524 981 2607 petit,
1022 2524 1078 2587 si
1124 2524 1331 2588 modo
1376 2523 1579 2589 fidem
1624 2524 1954 2603 haberet3
2003 2534 2149 2589 tum
2196 2526 2378 2609 quod
2422 2526 2806 2591 evellerent

561 2627 869 2682 montem
915 2628 985 2682 et
1025 2616 1337 2682 arborem
1383 2638 1475 2682 ex
1520 2639 1647 2682 suo
1694 2618 1868 2694 loc0,
1913 2629 1984 2683 et
2022 2620 2431 2703 projicerent
2471 2623 2538 2685 in
2579 2642 2808 2687 mare:

561 2712 681 2777 sed
729 2733 849 2796 per
886 2710 1199 2777 “fidem”
1243 2712 1353 2777 hic
1408 2713 1820 2795 intelligitur
1867 2712 2037 2778 fides
2090 2735 2131 2778 a
2191 2716 2535 2793 Domin03
2602 2736 2814 2800 quare

563 2810 771 2873 etiam
811 2818 1097 2871 vocatur
1138 2804 1366 2872 “fides
1415 2808 1542 2872 Dei
1568 2806 1621 2887 ;”
1665 2818 1738 2872 et
1783 2810 1897 2892 qui
1942 2810 2008 2874 in
2054 2807 2187 2873 fide
2234 2831 2274 2874 a
2322 2810 2628 2875 Domino
2675 2821 2808 2887 est,

560 2900 726 2966 nihil
765 2901 947 2965 aliud
986 2904 1159 2985 petit
1199 2922 1400 2986 quam
1440 2900 1622 2985 quod
1656 2923 1870 2985 regno
1910 2903 2186 2967 Domini
2223 2914 2296 2969 et
2329 2906 2452 2968 sibi
2492 2906 2583 2969 ad
2623 2906 2810 2971 salu·

561 3006 703 3061 tem
751 2996 1117 3075 conducit3
1166 2996 1423 3081 reliqua
1480 3017 1617 3060 non
1663 2997 1850 3076 vult3
1914 2995 2080 3061 dicit
2140 2999 2321 3061 enim
2383 3000 2615 3077 corde,
2679 3000 2816 3067 Cur

560 3089 861 3173 petenda
914 3112 1086 3174 quae
1148 3111 1283 3155 non
1342 3090 1502 3155 talis
1558 3112 1716 3155 usus
1771 3092 1977 3156 sunt?
2084 3091 2312 3174 Quare
2374 3113 2511 3157 non
2571 3103 2815 3177 potest

559 3184 855 3269 aliquam
893 3181 1096 3249 fidem
1132 3184 1258 3247 Dei
1292 3206 1411 3249 seu
1442 3183 1648 3249 fidem
1681 3206 1721 3248 a
1755 3184 2053 3249 Domino
2099 3186 2354 3250 habere
2391 3187 2457 3249 in
2500 3188 2818 3269 petendo

560 3298 763 3361 quam
796 3279 977 3362 quod
1011 3299 1051 3342 a
1084 3278 1382 3343 Domino
1414 3278 1474 3343 ei
1500 3288 1736 3362 petere
1763 3279 1982 3343 datur.
2077 3280 2298 3344 Immo
2332 3280 2604 3362 angelis
2639 3282 2817 3346 caeli

559 3372 974 3455 impossibile
1012 3382 1117 3436 est
1156 3372 1337 3437 aliud
1377 3372 1576 3449 velle,
1616 3374 1716 3437 ita
1761 3373 1944 3437 aliud
1984 3385 2265 3457 petere3
2313 3376 2367 3438 si
2415 3374 2633 3450 aliud,
2677 3394 2817 3439 non

559 3478 849 3549 possunt
886 3466 1089 3531 fidem
1126 3466 1379 3531 habere
1417 3466 1597 3551 quod
1647 3470 1997 3550 accepturi
2047 3478 2227 3533 sunt.
2320 3467 2523 3550 Quod
2565 3468 2818 3535 Domi-

560 3580 687 3624 nus
724 3564 1223 3644 comparaverit
1262 3560 1475 3624 talem
1522 3560 1728 3626 fidem
1768 3561 1984 3626 valori
2029 3572 2103 3627 et
2141 3564 2496 3645 potentiae
2533 3565 2816 3647 projici-

560 3656 719 3719 endi
756 3666 1063 3719 montem
1103 3666 1218 3719 aut
1260 3675 1693 3737 sycomorum
1733 3656 1798 3719 in
1839 3676 2046 3731 mare,
2087 3668 2234 3721 erat
2273 3658 2428 3741 quia
2467 3657 2818 3723 Dominus

559 3748 668 3813 hic
719 3760 792 3813 ut
838 3748 997 3812 alibi
1046 3749 1315 3813 locutus
1362 3759 1469 3812 est
1515 3768 1638 3831 per
1682 3751 2324 3833 correspondentias
2349 3772 2365 3830 ;
2429 3772 2648 3833 quare
2697 3754 2818 3818 illa

558 3844 768 3906 verba
802 3845 1010 3907 etiam
1045 3842 1968 3926 spiritualiter'intelligenda
1993 3854 2192 3909 sunt:
2241 3866 2360 3928 per
2386 3848 2820 3912 “montem''

559 3940 739 4002 enim
770 3935 1188 4020 significatur
1218 3956 1409 4001 arnor
1439 3939 1539 4001 sui
1572 3948 1645 4002 et
1679 3939 1930 4014 mundi,
1967 3940 2064 4003 ita
2094 3960 2285 4004 amor
2316 3940 2520 4019 mali3
2569 3954 2653 4007 et
2694 3963 2819 4026 per

562 4037 1051 4113 “sycomorum
1070 4032 1099 4055 ”
1132 4030 1554 4114 significatur
1585 4030 1756 4096 fides
1781 4032 1958 4096 illius
1989 4035 2262 4107 amoriS,
2291 4054 2464 4117 quae
2495 4044 2614 4100 est
2649 4036 2822 4102 fides

558 4125 706 4190 salsi
744 4146 834 4189 ex
868 4126 1051 4190 malo
1076 4148 1091 4205 ;
1139 4136 1210 4189 et
1248 4147 1367 4208 per
1396 4132 1437 4159 “
1461 4146 1648 4190 mare
1664 4126 1696 4153 ’'
1719 4126 2140 4209 significatur
2171 4129 2500 4192 infernum
2530 4149 2546 4207 ;
2607 4152 2824 4213 quare

558 4240 679 4303 per
707 4224 747 4253 “
768 4231 1075 4285 montem
1114 4220 1410 4285 evellere
1444 4230 1514 4285 et
1540 4221 1867 4304 projicere
1906 4223 1976 4302 in
2014 4242 2202 4293 mare,
2230 4244 2352 4305 per
2381 4221 2596 4288 fidem
2626 4224 2820 4301 Dei,”

560 4313 982 4396 significatur
1024 4334 1293 4379 amores
1346 4315 1523 4391 illos,
1574 4318 1686 4399 qui
1733 4318 1799 4379 in
1847 4337 1922 4380 se
1967 4316 2285 4381 diabolici
2329 4327 2514 4393 sunt,
2563 4319 2822 4401 ejicere

559 4408 625 4471 in
658 4408 1009 4484 infernum,
1036 4408 1347 4473 similiter
1371 4406 1574 4474 fidem
1606 4409 1757 4474 falsi
1782 4430 1871 4474 ex
1905 4410 2087 4473 malo
2116 4432 2132 4488 ς
2179 4408 2310 4474 hoc
2344 4409 2419 4474 fit
2450 4430 2578 4493 per
2605 4412 2820 4479 fidem

558 4522 599 4565 a
638 4501 956 4566 Domino,
1048 4501 1251 4584 Quod
1291 4505 1718 4587 comparatio
1756 4502 2006 4567 valoris
2052 4514 2123 4567 et
2165 4504 2522 4586 potentiae
2573 4506 2742 4572 fidei
2779 4528 2823 4571 a

560 4596 859 4660 Domino
903 4594 1079 4661 facta
1125 4599 1216 4661 sit
1254 4617 1409 4662 cum
1456 4598 1807 4663 evulsione
1853 4608 1926 4662 et
1963 4596 2380 4681 projectione
2423 4602 2696 4667 montis
2735 4612 2818 4669 et
