3259 5384
1022 708 1182 759 cAP.
1216 708 1390 772 xm,
1425 709 1636 762 VERS.
1672 706 1889 779 5.—-N.
1922 695 2065 762 866.
2492 708 2659 780 2397

524 875 618 926 “A
644 875 773 926 dolo
801 885 856 926 et
879 876 1136 928 violentia
1158 874 1436 928 1¹1redimet
1463 879 1699 928 animam
1730 875 2012 930 1²leorum”
2036 878 2250 936 (Psalm.
2276 879 2419 929 lxxii.
2448 879 2561 941 14):

525 941 803 993 “Divites.
823 944 1052 1006 ‚impleti
1080 953 1207 994 sunt
1236 944 1507 1002 violentia.
1533 954 1586 994 et
1613 945 1945 994 habitatores
1974 945 2093 1006 ejus
2123 945 2413 1008 loquuntur
2440 946 2662 995 menda-

683 1007 841 1067 cium,
861 1018 915 1058 et
938 1011 1112 1072 quoad
1137 1010 1376 1072 linguam
1400 1024 1586 1059 eorum
1613 1010 1769 1060 dolus
1792 1011 1846 1059 in
1868 1025 1961 1060 ore
1982 1010 2192 1059 illorum
2206 1009 2236 1030 ’⁹
2249 1009 2436 1071 (Micia.
2452 1013 2520 1061 vi.
2544 1009 2624 1073 12)
2647 1026 2660 1070 ;

523 1073 552 1095 “
568 1071 803 1135 Impleat
824 1074 1046 1124 domum
1068 1075 1410 1124 dominorum
1424 1113 1436 1124 .
1458 1075 1740 1125 ,violentia
1762 1085 1816 1125 et
1838 1076 1964 1124 dolo
1979 1075 2007 1094 '⁹
2031 1076 2199 1140 (Zeph.
2224 1075 2257 1124 i.
2282 1076 2333 1137 9)
2352 1090 2363 1134 ;

522 1139 552 1162 ‘⁸
564 1137 680 1188 Viri
683 1140 1028 1268 Σιιιςῗξηιιηι
1057 1150 1112 1190 et
1137 1141 1248 1190 doli
1278 1154 1388 1189 non
1417 1140 1773 1191 dimidiabunt
1800 1141 1917 1191 dies
1944 1141 2115 1190 suos”
2140 1140 2359 1203 (Psalm.
2382 1141 2452 1190 lv.
2478 1153 2543 1202 24
2567 1137 2658 1205 [B.

738 1241 752 1253 ·
777 1216 840 1264 23
905 1219 918 1264 ἶ

523 1267 769 1318 “Perdes
797 1270 1080 1333 loquentes
1113 1270 1429 1329 medacium,
1457 1271 1632 1320 virum
1668 1271 1992 1334 sanguinum
2028 1281 2083 1321 et
2116 1271 2227 1320 doli
2260 1269 2659 1321 abominabitur

679 1333 928 1399 Jehovah
943 1335 971 1356 ”
993 1334 1215 1397 (Psaln.
1238 1351 1288 1386 v.
1315 1348 1343 1396 7
1371 1333 1459 1402 [B.
1477 1339 1548 1387 A.
1569 1333 1679 1402 6]);

421 1507 542 1570 per
581 1489 1032 1554 “violentiam
1053 1490 1085 1516 ”
1121 1501 1192 1555 et
1239 1511 1357 1574 per
1391 1491 1895 1573 “sanguinem’'
1930 1491 2346 1572 significatur
2383 1510 2656 1573 perver-

419 1583 522 1646 sio
565 1586 703 1647 veri
758 1595 829 1647 et
878 1583 1256 1650 falsificatio
1300 1585 1535 1663 Verbi,
1582 1596 1655 1650 et
1692 1606 1811 1668 per
1860 1585 2193 1649 “dolum”
2238 1583 2658 1668 significatur

417 1675 486 1740 id
524 1698 612 1741 ex
651 1680 1020 1760 proposita

517 1819 861 1946 “Jehtagthi.
880 1860 893 1872 .
915 1823 1156 1951 ,advert)e
1199 1838 1384 1875 aurem
1425 1825 1492 1874 ad
1531 1839 1714 1888 preces
1754 1839 1919 1884 meaa,
1958 1838 2095 1888 quae
2136 1823 2254 1874 aine
2299 1823 2455 1873 labiis
2500 1823 2612 1874 doli
2625 1821 2657 1844 ”

749 1904 806 1936 sa
831 1903 897 1938 m.
926 1889 1053 1939 xvii.
1087 1901 1110 1937 1
1153 1903 1165 1946 ;

517 1951 784 2002 “Custodi
809 1953 1047 2015 linguam
1067 1965 1214 2004 tuam
1243 1970 1277 2003 a
1299 1955 1458 2014 malo,
1477 1964 1532 2004 et
1559 1955 1705 2004 labia
1721 1964 1814 2005 tua
1839 1971 1874 2003 a
1898 1954 2168 2018 loquendo
2190 1955 2375 2004 dolum
2388 1952 2418 1974 ’⁸
2436 1952 2655 2016 (Psalm-

675 2020 856 2068 xxxiv.
884 2031 945 2079 14
970 2016 1060 2083 [B.
1080 2021 1149 2069 A.
1172 2016 1310 2084 13]);

517 2083 549 2107 ‘⁴
561 2082 616 2133 Si
639 2083 1142 2211 Iz‘fffssemurffab?
1165 2099 1286 2134 mea
1309 2085 1660 2149 iniquitatem.
1677 2095 1731 2135 et
1754 2085 1941 2148 lingua
1954 2099 2076 2135 mea
2099 2085 2405 2148 loqueretur
2424 2083 2608 2133 dolum
2623 2081 2655 2106 ”

757 2166 807 2196 ιο
836 2186 849 2198 .
869 2164 1026 2200 xxvn.
1051 2164 1084 2210 4
1123 2164 1136 2207 ;

516 2212 818 2278 “Jehovah,
838 2215 1006 2263 libera
1038 2216 1275 2264 animam
1305 2231 1481 2265 meam
1517 2230 1551 2265 a
1582 2216 1725 2266 labio
1756 2216 2033 2274 mendacii,
2064 2230 2098 2264 a
2132 2215 2316 2278 lingua
2348 2215 2492 2272 doli:
2527 2213 2653 2279 quid

677 2281 826 2330 dabit
849 2279 981 2339 tibi..
1003 2281 1151 2343 .quid
1175 2281 1335 2330 addet
1359 2282 1454 2330 tibi
1479 2281 1666 2344 lingua
1686 2281 1795 2331 doli
1811 2280 1863 2332 Τ
1887 2280 2105 2340 (Psalm.
2129 2295 2247 2330 cxx.
2273 2293 2319 2339 2,
2344 2293 2374 2341 3
2393 2281 2427 2340 ς)

515 2343 638 2394 “Os
662 2354 811 2394 tuum
837 2345 1013 2408 aperis
1036 2346 1103 2395 ad
1129 2346 1345 2405 malum,
1370 2355 1425 2396 et
1448 2347 1632 2410 lingua
1657 2357 1749 2396 tua
1772 2344 1944 2396 nectis
1968 2347 2151 2395 dolum
2166 2345 2195 2366 ”
2215 2345 2434 2406 (Psalm.
2460 2345 2492 2394 l.
2516 2344 2627 2408 19);

516 2408 639 2460 “Os
664 2410 812 2472 impii
841 2407 941 2474 [et]
969 2425 1030 2458 os
1055 2411 1166 2460 doli
1186 2421 1373 2462 contra
1399 2410 1491 2461 Me
1513 2422 1851 2476 aperuerunt,
1877 2412 2037 2461 locuti
2066 2420 2193 2461 sunt
2227 2425 2436 2460 mecum
2472 2411 2656 2473 lingua

679 2474 989 2526 mendacii”
1016 2475 1233 2537 (Psalm.
1259 2479 1357 2526 cix.
1384 2477 1466 2539 2);

514 2538 894 2590 “Pei-ditiones
921 2543 1122 2603 cogitat
1148 2542 1335 2604 lingua
1362 2552 1468 2601 tua,
1495 2543 1631 2592 sicut
1660 2541 1922 2592 novacula
1948 2551 2104 2592 acuta
2135 2537 2385 2607 [faciens]
2422 2540 2605 2590 dolum
2623 2539 2654 2560 ’⁸

676 2602 892 2667 (Pssalm.
918 2606 991 2655 lii.
1015 2620 1062 2666 4,
1087 2609 1120 2655 6
1146 2604 1235 2671 [B.
1253 2610 1323 2658 A.
1349 2620 1394 2666 2,
1418 2605 1527 2672 4]);
2026 2662 2035 2672 ,

511 2670 674 2722 “vir.
695 2686 837 2720 ‚cum
859 2673 1006 2720 socio
1027 2672 1270 2732 illudunt,
1284 2681 1338 2722 et
1351 2675 1630 2722 veritatem
1653 2687 1761 2722 non
1784 2673 2087 2736 loquuntur,
2102 2673 2397 2721 docuerunt
2411 2671 2651 2733 linguam

675 2751 828 2786 suam
859 2736 1004 2800 loqui
1021 2738 1400 2796 mendacium„
1421 2775 1434 2788 .
1453 2776 1466 2788 .
1486 2739 1749 2789 ‚habitare
1773 2748 1921 2788 tuum
1954 2740 2007 2787 in
2035 2739 2213 2787 medio
2236 2738 2360 2796 doli,
2380 2738 2451 2786 ob
2468 2737 2653 2786 dolum

676 2812 968 2852 renuerunt
987 2816 1312 2865 cognoscere
1339 2803 1432 2854 Me
1447 2803 1476 2823 ’'
1494 2805 1514 2867 (
1521 2805 1709 2869 Jerem.
1733 2805 1803 2854 ix.
1826 2817 1874 2864 4,
1903 2815 1928 2864 5
1956 2799 2128 2868 [B.A.
2156 2813 2199 2864 5,
2225 2799 2334 2867 6]):

411 2979 534 3041 per
583 2958 821 3023 “labia
866 2970 936 3025 et
983 2959 1344 3042 linguam,”
1389 2961 1629 3044 quibus
1691 2961 2058 3044 loquuntur
2100 2958 2526 3024 mendacium
2580 2967 2653 3023 et

413 3052 670 3127 dolum,
720 3053 1138 3136 significatur
1183 3057 1516 3137 cogitatio
1562 3075 1715 3119 cum
1763 3057 2141 3119 intentione
2202 3054 2652 3136 persuadendi

410 3147 583 3211 falsa
620 3161 860 3212 contra
894 3170 1074 3224 vera,
1116 3171 1194 3213 ac
1233 3151 1621 3227 seducendi,
1668 3149 1945 3213 “labia'’
1981 3151 2160 3213 enim
2206 3159 2276 3212 et
2319 3146 2651 3231 “lingua''

409 3241 656 3306 similia
699 3243 1086 3324 significant
1124 3265 1296 3326 quae
1327 3243 1518 3308 “os.”

511 3396 543 3419 ‘⁸
557 3394 756 3446 Beatus
773 3398 940 3446 homo
959 3398 1042 3446 cui
1058 3412 1168 3446 non
1194 3398 1424 3460 imputat
1438 3396 1684 3463 Jehovah
1704 3397 2052 3462 iniquitatem,
2067 3395 2230 3444 modo
2249 3409 2359 3445 non
2383 3395 2439 3444 in
2460 3395 2648 3459 spiritu

673 3461 792 3523 ejus
815 3462 972 3511 dolus
989 3462 1017 3482 ”
1042 3462 1258 3523 (Psalm.
1287 3464 1447 3514 xxxii.
1475 3463 1554 3525 2);

506 3524 730 3575 “Verba
750 3528 860 3576 oris
885 3527 1002 3589 ejus
1032 3528 1283 3591 iniquitas
1311 3539 1365 3577 et
1389 3529 1560 3587 doluS‚
1586 3537 1765 3578 cessat
1787 3530 1856 3576 ab
1882 3525 2251 3589 intelligendo,
2276 3525 2525 3576 iaciendo
2552 3525 2651 3575 bo·

676 3607 804 3642 num
821 3593 850 3612 ''
873 3593 1089 3652 (psalm.
1115 3594 1291 3642 xxxvi.
1319 3607 1353 3654 4
1379 3591 1550 3658 [B.A.
1577 3589 1686 3657 3]):

511 3653 683 3720 Loqui
706 3657 1056 3721 iniquitatem,
1079 3667 1134 3708 et
1157 3658 1301 3722 loqui
1319 3659 1502 3708 dolum
1525 3658 1697 3721 (Hiob.
1724 3659 1831 3709 xiii.
1858 3657 1937 3718 7):

410 3795 837 3878 “iniquitas”
873 3795 1140 3879 spectat
1181 3797 1461 3874 malum,
1501 3808 1571 3863 et
1614 3796 1916 3862 “dolus''
1952 3796 2107 3860 inde
2144 3795 2403 3859 falsum.

511 3947 606 3996 “A
629 3949 747 3997 viro
769 3947 878 3998 doli
902 3959 958 3998 et
979 3949 1395 4012 perversitatis,”
1419 3948 1679 4015 Jehovah,
1706 3950 1917 4000 “libera
1939 3963 2026 3998 me
2040 3947 2069 3968 ”
2092 3947 2311 4008 (Psalm.
2336 3947 2462 3997 xliii.
2492 3947 2569 4010 1);

509 4013 540 4037 ‘⁴
557 4011 794 4064 Mundus
822 4014 1070 4064 manibus
1097 4024 1151 4065 et
1178 4029 1340 4077 purus
1363 4016 1537 4075 corde,
1561 4015 1652 4078 qui
1680 4030 1789 4065 non
1817 4013 1972 4065 effert
1997 4013 2065 4064 ad
2092 4013 2384 4063 vanitatem
2412 4011 2651 4064 animam

673 4093 844 4132 auam.
867 4088 921 4129 et
944 4093 1052 4129 non
1075 4079 1218 4143 jurat
1240 4094 1361 4130 cum
1386 4079 1550 4130 dolo”
1575 4080 1795 4142 (psalm.
1819 4080 1961 4129 xxiv.
1978 4077 2057 4142 4);

507 4141 755 4193 “Contra
775 4143 1090 4208 tranquffloe
1113 4153 1283 4194 terrae
1306 4147 1471 4195 verba
1496 4145 1739 4197 dolorum
1762 4145 2016 4208 cogitant,
2040 4140 2246 4194 [slvalde
2274 4142 2565 4194 dilatarunt
2586 4158 2651 4195 os

671 4223 828 4258 suum
853 4218 1040 4260 contra
1069 4209 1197 4260 me''
1221 4210 1438 4274 (Psalm.
1457 4225 1614 4261 xxxv.
1633 4223 1713 4269 20,
1739 4209 1850 4273 21);

506 4271 886 4324 “Perditiones
913 4273 969 4323 in
996 4274 1178 4324 medio
1203 4276 1361 4339 eiua„
1383 4291 1518 4326 .non
1547 4277 1762 4326 recedet
1786 4290 1822 4325 a
1847 4275 2023 4340 platea
2056 4273 2174 4337 ejus
2197 4273 2344 4324 fraus
2372 4281 2427 4322 et
2449 4272 2647 4324 dolus”

669 4337 889 4402 (Psalm.
913 4340 982 4390 lv.
1010 4351 1070 4390 12
1097 4337 1188 4406 [B.
1212 4343 1283 4390 A.
1311 4337 1448 4405 11]);

505 4401 888 4454 “Conculcasti
922 4420 1113 4455 omnes
1144 4407 1458 4456 aberrantes
1490 4421 1526 4456 a
1557 4405 1771 4457 statutis
1804 4406 1925 4465 mie,
1960 4404 2087 4470 quia
2118 4402 2459 4454 mendacium
2494 4403 2650 4454 dolus

671 4483 856 4520 eorum
867 4469 897 4491 ”
919 4469 1138 4535 (Psalm.
1161 4471 1298 4521 cxix.
1326 4471 1470 4534 118);

497 4533 755 4584 “Avertit
781 4549 840 4584 se
874 4535 1100 4599 populus
1127 4536 1230 4596 hic,
1257 4535 1639 4600 Hierosolyma
1663 4550 1853 4586 aversa
1879 4543 2169 4599 perpetuat.
2193 4535 2426 4585 retinent
2448 4532 2647 4591 dolum,

668 4609 900 4650 renuunt
925 4599 1146 4664 reverti;
1178 4601 1382 4652 attendi
1409 4611 1466 4652 et
1491 4602 1687 4661 audivi,
1712 4616 1821 4651 non
1845 4597 2049 4652 rectum
2076 4601 2364 4664 loquuntur
2376 4598 2406 4619 '⁹
2428 4598 2647 4664 (ἵστη.

668 4665 777 4716 viii.
803 4661 875 4731 5[,
899 4662 1006 4731 6]):
