3259 5384
534 649 705 730 2338
1158 663 1662 718 APoeALvPsls
1707 665 2159 720 Exrucxra.

532 831 923 896 tensionem
948 831 1240 896 illarum.
1300 849 1417 908 (Sed
1433 850 1495 894 de
1510 849 1585 896 his
1596 849 1850 896 videantur
1861 849 2002 908 plura
2019 849 2070 896 in
2087 861 2236 908 opere
2253 849 2332 898 De
2353 849 2493 896 Caelo
2505 854 2557 896 et
2570 849 2782 910 Meno,

532 922 695 980 Quod.
716 936 909 982 nempe,
929 935 1099 970 omne
1118 923 1289 984 Angeli
1312 925 1405 970 sint
1426 924 1658 984 imagines
1679 924 1828 980 Caeli,
1849 931 1897 970 et
1917 925 1986 970 sic
2005 925 2142 983 quasi
2164 925 2299 972 Caeli
2321 925 2370 970 in
2389 925 2590 970 minima
2609 925 2782 978 forma.

530 1003 580 1038 n.
602 993 781 1048 41-58:
814 991 963 1048 Quod
982 991 1257 1037 universum
1278 991 1481 1038 Caelum
1503 991 1674 1037 referat
1693 1004 1846 1037 unum
1871 991 2154 1044 Hominem.
2176 999 2226 1037 et
2244 993 2380 1050 quod
2401 991 2516 1037 inde
2535 991 2711 1050 Angeli
2730 999 2784 1038 et

529 1059 733 1119 Spiritus
751 1061 845 1108 sint
866 1061 1070 1107 Formae
1088 1061 1345 1115 humanae,
1362 1075 1409 1107 n.
1428 1073 1637 1120 59-102:
1671 1061 1820 1119 Quod
1841 1063 1998 1108 omnis
2016 1062 2242 1122 cogitatio
2261 1076 2322 1108 ex
2335 1061 2592 1108 affectione
2609 1075 2783 1121 proce-

530 1130 651 1176 dens
690 1131 755 1176 ab
782 1131 983 1190 Angelis
1012 1132 1339 1178 extensionem
1378 1132 1555 1178 habeat
1584 1131 1637 1178 in
1668 1131 1802 1178 Caeli
1838 1131 2102 1180 societates
2129 1133 2398 1180 secumdum
2427 1132 2574 1190 quale
2601 1131 2781 1178 amoris

531 1218 579 1257 et
600 1205 863 1270 sapientiae
890 1213 1097 1267 illorum,
1125 1227 1175 1260 n.
1204 1214 1455 1272 noo-212.)
1544 1197 1668 1279 (3.)
1725 1197 2070 1279 Quoniam
2115 1218 2309 1262 amor
2349 1197 2512 1262 facit
2554 1198 2774 1261 vitam

532 1291 847 1367 hominiS,
888 1303 960 1356 et
1008 1293 1217 1358 homo
1262 1293 1638 1358 secundum
1685 1295 1900 1358 vitam
1945 1314 2138 1357 suam
2183 1304 2659 1377 comparatam
2703 1295 2774 1357 in

532 1386 787 1449 mundo
825 1385 1121 1451 victurus
1160 1398 1269 1452 est
1306 1389 1371 1452 in
1410 1397 1790 1462 aeternum,
1831 1387 1940 1451 vel
1977 1389 2043 1452 in
2081 1388 2277 1452 caelo
2315 1387 2422 1451 vel
2460 1390 2528 1451 in
2565 1387 2772 1452 infer-

533 1499 642 1552 n0,
672 1482 971 1544 maxime
998 1482 1286 1546 interest
1318 1483 1489 1546 scire
1514 1483 1860 1565 quomodo
1885 1492 2320 1564 comparatur
2342 1503 2422 1546 ac
2451 1483 2774 1548 imbuitur

528 1593 721 1638 amor
756 1575 1096 1652 caelestiS,
1138 1586 1213 1639 ut
1251 1576 1393 1640 vita
1438 1575 1579 1658 ejus
1628 1577 1886 1659 absque
1932 1575 2064 1640 fine
2101 1577 2308 1640 beata
2344 1587 2416 1640 et
2453 1577 2618 1641 felix
2655 1580 2767 1642 sit.

532 1666 655 1750 (4.)
704 1667 877 1734 Sunt
910 1671 1109 1734 binae
1146 1670 1508 1735 facultates
1544 1670 1900 1752 primariae
1932 1671 2116 1734 vitae
2145 1669 2462 1746 hominis,
2497 1691 2768 1754 nempe,

530 1762 853 1828 voluntas
877 1774 950 1827 et
976 1763 1386 1828 intellectus.
1426 1763 1775 1828 Voluntas
1801 1774 1907 1828 est
1933 1763 2442 1846 receptaculum
2467 1767 2772 1830 omnium

529 1855 712 1932 boni,
760 1878 839 1922 ac
872 1855 1264 1922 intellefitus
1300 1869 1408 1922 est
1446 1858 1957 1941 receptaculum
1995 1857 2296 1922 omnium
2335 1859 2476 1922 veri
2520 1880 2612 1922 ex
2647 1859 2770 1924 illo

530 1950 732 2014 bono.
827 1951 1059 2016 Homo
1090 1972 1228 2016 non
1260 1962 1495 2035 potest
1526 1954 1652 2016 nisi
1683 1973 1886 2036 quam
1919 1973 2038 2034 per
2067 1951 2260 2016 binas
2293 1952 2443 2016 illas
2480 1953 2770 2018 faculta-

531 2054 637 2108 tes
675 2047 857 2111 vitae
894 2047 1259 2124 reformari,
1301 2056 1373 2112 et
1420 2047 1546 2111 nisi
1590 2067 1794 2129 quam
1841 2067 1960 2129 per
1996 2047 2465 2130 impletionem
2502 2047 2770 2112 illarum

530 2159 621 2200 ex
660 2140 854 2203 bonis
894 2151 963 2205 et
1002 2144 1199 2206 veriS.
1290 2141 1716 2206 Reformatio
1753 2139 1828 2206 fit
1867 2142 1997 2206 hoc
2037 2141 2310 2206 ordine:
2363 2141 2598 2206 Homo
2633 2144 2766 2226 pri-

528 2251 713 2296 mum
746 2235 1056 2318 implebit
1090 2238 1485 2302 memoriam
1524 2255 1616 2298 ex
1655 2236 1958 2300 scientiis
1989 2245 2061 2300 et
2091 2237 2598 2318 cognitionibus
2629 2237 2768 2300 veri

527 2337 598 2390 et
631 2328 813 2404 boni,
842 2351 961 2412 per
984 2353 1153 2414 quas
1186 2331 1311 2394 sibi
1342 2330 1768 2413 comparabit
1801 2329 2030 2393 lumen
2054 2331 2375 2407 rationis-‚3
2421 2349 2502 2392 ac
2535 2331 2766 2412 impri-

526 2423 654 2486 mis
679 2423 899 2488 discet
923 2425 1105 2508 quod
1139 2425 1325 2491 Deus
1351 2445 1519 2488 unus
1552 2426 1666 2498 sit,
1683 2425 1866 2507 quod
1894 2423 2226 2488 Dominus
2251 2426 2340 2488 sit
2375 2423 2562 2490 Deus
2592 2426 2766 2489 caeli

526 2526 599 2580 et
646 2527 887 2594 terrae,
928 2521 1110 2603 quod
1156 2520 1421 2584 caelum
1468 2539 1547 2584 ac
1602 2519 1934 2582 infernum
1989 2519 2150 2592 sint,
2187 2519 2369 2600 quod
2417 2519 2562 2582 vita
2607 2530 2766 2602 post

528 2620 829 2676 mortem
860 2613 969 2690 sit,
1010 2624 1083 2678 et
1112 2614 1295 2696 quod
1325 2612 1631 2678 Verbum
1665 2609 1976 2676 san-stum
2009 2612 2117 2675 sit.
2211 2609 2332 2693 (5.)
2397 2611 2592 2676 Tunc
2627 2614 2765 2676 dis-

529 2714 640 2768 cet
665 2727 837 2788 quae
863 2708 1043 2771 mala
1075 2719 1233 2772 sunt
1258 2717 1567 2790 peccata,
1596 2707 1886 2789 primum
1919 2727 2009 2769 ex
2034 2704 2393 2788 decalog0,
2419 2716 2494 2769 et
2519 2716 2765 2788 postea

530 2817 621 2860 ex
670 2798 904 2864 Verbo
959 2803 1194 2877 ubiviS,
1242 2813 1314 2866 et
1368 2801 1705 2884 cogitabit
1759 2800 1944 2882 quod
1991 2809 2278 2882 peccata
2331 2800 2468 2863 sint
2523 2810 2767 2866 contra

527 2891 771 2969 Deum,
812 2907 883 2960 et
928 2896 1110 2978 quod
1157 2895 1275 2960 illa
1317 2895 1473 2960 ideo
1517 2895 1876 2958 detineant
1921 2913 2000 2958 ac
2047 2903 2366 2976 separent
2411 2893 2765 2959 hominem

522 3007 563 3050 a
596 2988 812 3065 caelo,
846 3009 925 3054 ac
960 2989 1426 3054 condemnent
1458 2988 1650 3052 illum
1689 2997 1760 3052 et
1797 2987 2190 3070 adjudicent
2227 2988 2508 3052 inferno.
2597 2988 2766 3053 Inde

522 3093 633 3146 est
678 3083 859 3165 quod
914 3086 1201 3166 primum
1254 3082 1758 3148 reformationis
1817 3083 1906 3146 sit
1953 3102 1994 3144 a
2051 3083 2356 3164 peccatis
2410 3083 2762 3159 desistere,

524 3176 640 3240 illa
671 3177 901 3260 fugere
938 3188 1009 3243 et
1048 3180 1331 3242 tandem
1370 3178 1708 3255 aversari;
1757 3187 1830 3241 ut
1877 3185 2108 3242 autem
2155 3176 2445 3240 desistat
2483 3177 2574 3240 ab
2610 3177 2768 3254 illis,

522 3271 735 3353 fugiat
783 3273 901 3336 illa
938 3282 1009 3338 et
1047 3283 1401 3337 aversetur
1437 3272 1575 3346 illa,
1608 3271 2022 3353 supplicabit
2063 3271 2431 3334 Dominum
2467 3272 2554 3334 de
2593 3292 2725 3354 ope
2745 3293 2762 3352 3

524 3366 646 3430 sed
678 3366 891 3450 fugiet
930 3379 1001 3432 et
1032 3367 1453 3431 aversabitur
1488 3366 1607 3429 illa
1643 3367 1802 3448 quia
1839 3375 1996 3429 sunt
2029 3374 2272 3429 contra
2303 3364 2636 3442 Verbum,
2669 3367 2766 3430 ita

523 3471 770 3525 contra
803 3461 1193 3537 Dominum,
1228 3473 1299 3526 et
1330 3460 1488 3524 inde
1520 3469 1766 3524 contra
1795 3460 2082 3536 caelum,
2109 3467 2182 3523 et
2213 3460 2368 3540 quia
2397 3460 2466 3523 in
2497 3479 2576 3523 se
2607 3470 2766 3524 sunt

526 3555 897 3620 infernalia.
1012 3555 1136 3639 (6.)
1200 3554 1553 3638 Quantum
1598 3554 1811 3618 homo
1858 3554 2032 3636 fugit
2077 3563 2148 3618 et
2193 3563 2548 3618 aversatur
2587 3553 2764 3618 mala

524 3651 677 3733 quia
722 3661 1012 3734 peccata
1056 3661 1237 3725 sunt,
1286 3659 1359 3714 et
1405 3650 1674 3732 cogitat
1719 3649 1804 3714 de
1851 3647 2071 3724 caelo,
2120 3648 2206 3712 de
2253 3667 2378 3710 sua
2421 3647 2650 3712 salute
2691 3656 2766 3710 et

522 3749 666 3809 vita
701 3755 1002 3820 aeterna,
1044 3754 1319 3809 tanturn
1365 3745 1737 3826 adoptatur
1775 3764 1816 3808 a
1863 3742 2162 3808 Domino
2207 3751 2278 3806 et
2328 3740 2766 3824 conjungitur

522 3841 738 3916 cae10,
780 3860 859 3904 ac
898 3850 1169 3905 tantum
1208 3840 1503 3903 donatur
1538 3836 1897 3902 affectione
1935 3836 2290 3919 spirituali,
2331 3857 2505 3918 quae
2543 3846 2652 3900 est
2685 3846 2761 3899 ut

526 3957 661 4000 non
700 3937 909 3999 modo
944 3935 1111 4000 velit
1156 3935 1329 3998 scire
1366 3953 1547 4009 vera,
1588 3933 1713 3997 sed
1759 3934 1970 3996 etiam
2011 3931 2398 4014 intelligere
2433 3929 2573 4006 illa.
2615 3941 2760 3996 tum

520 4031 701 4094 velle
737 4040 809 4096 et
840 4031 1057 4094 facere
1095 4029 1231 4092 illa.
1324 4026 1447 4110 (7.)
1518 4027 1626 4091 Ita
1659 4028 1870 4090 homo
1907 4047 1947 4088 a
1983 4027 2285 4090 Domino
2315 4024 2757 4101 reformatum

522 4137 593 4188 et
642 4133 972 4208 quantum
1027 4134 1191 4189 tunc
1246 4123 1377 4186 scit
1432 4131 1505 4186 et
1558 4122 1890 4203 intelligit
1934 4141 2114 4194 vera,
2161 4139 2240 4182 ac
2287 4120 2435 4183 vult
2481 4130 2555 4183 et
2600 4119 2760 4182 facit

521 4220 659 4295 illa,
701 4228 971 4282 tantum
1009 4216 1086 4281 fit
1124 4237 1360 4292 novus,
1400 4218 1513 4298 qui
1550 4225 1659 4280 est
1690 4215 1902 4278 homo
1933 4222 2395 4296 regeneratus,
2431 4223 2504 4276 et
2537 4215 2648 4296 qui
2683 4212 2758 4276 fit

518 4313 805 4396 angelus
844 4314 1035 4388 caeli,
1077 4313 1181 4376 cui
1228 4321 1335 4376 est
1380 4331 1573 4374 amor
1608 4319 1680 4374 et
1718 4311 1864 4373 vita
1909 4307 2246 4372 caelestiS.
2343 4304 2468 4390 (8.)
2539 4307 2754 4370 Amor

520 4420 593 4473 et
634 4407 835 4491 [vita]
882 4406 1025 4488 ejus
1070 4416 1229 4470 sunt
1276 4425 1548 4488 prorsus
1592 4405 1769 4468 sicut
1815 4423 2022 4486 opera
2059 4401 2436 4465 voluntatis
2483 4401 2644 4484 ejuS,
2683 4409 2752 4464 et

518 4522 727 4582 opera
762 4501 1141 4566 voluntatis
1175 4509 1336 4564 sunt
1374 4501 1549 4564 sicut
1580 4519 1742 4562 vera
1779 4517 1953 4580 quae
1983 4495 2326 4578 applicata
2356 4496 2542 4558 vitae
2571 4503 2748 4558 sunt.

520 4594 969 4678 Cognitiones
1001 4597 1139 4660 veri
1176 4605 1248 4658 et
1285 4595 1467 4670 boni,
1506 4613 1674 4677 quas
1711 4593 1920 4656 homo
1957 4591 2045 4654 ab
2081 4589 2372 4653 infantia
2407 4590 2534 4652 sibi
2568 4607 2746 4653 com-
