3259 5384
830 684 993 736 car.
1032 683 1186 748 xn„
1228 683 1438 735 VERS.
1484 681 1742 752 ¹7·-N·
1779 667 2025 754 768[e].
2380 683 2549 750 2149

336 855 497 938 apud
534 853 930 933 Jeremiam,

416 973 443 995 ‘⁴
456 969 595 1022 Ecce
618 971 735 1020 dies
752 970 994 1021 venient.
1014 1006 1051 1031 .,
1070 971 1261 1036 quibus
1285 969 1565 1020 seminabo
1587 969 1806 1020 domum
1835 966 2050 1018 Israelis
2073 976 2129 1018 et
2149 967 2370 1017 domum
2387 963 2550 1031 Jehu·

576 1035 677 1086 dae
700 1037 909 1085 semine
931 1035 1167 1086 hominis
1191 1044 1244 1086 et
1266 1036 1475 1086 semine
1499 1033 1702 1084 bestiae
1717 1032 1746 1054 ’'
1769 1033 1930 1095 (xxxi.
1955 1031 2070 1093 27);

340 1147 430 1230 [et
462 1148 531 1214 in
568 1147 894 1232 parabola
931 1147 1259 1232 Domini,]

644 1262 839 1313 Semen
865 1264 1187 1313 seminatum
1213 1264 1385 1314 “sunt
1412 1261 1505 1312 filii
1533 1261 1688 1325 regni
1699 1259 1730 1282 ”
1753 1259 1968 1322 (Matth.
1991 1261 2102 1312 xiii.
2126 1259 2225 1322 38).

339 1390 523 1474 Quod
568 1404 801 1458 autem
842 1399 1132 1458 “semen
1180 1395 1325 1477 agri
1340 1392 1373 1420 '⁹
1409 1392 1628 1457 simile
1665 1391 2000 1476 significet
2039 1410 2193 1456 cum
2235 1391 2552 1456 “semine

338 1487 674 1566 hominis,”
700 1489 808 1552 hic
841 1487 1204 1552 ostendere
1237 1487 1734 1571 supersedetur,
1762 1488 1917 1570 quia
1948 1486 2056 1550 hic
2091 1486 2296 1550 modo
2326 1484 2551 1568 expli-

338 1591 517 1646 catur
572 1592 647 1646 et
702 1603 797 1646 ex
856 1581 1091 1647 Verbo
1149 1581 1588 1647 confirmatur
1644 1583 1803 1664 quid
1860 1587 2151 1644 “semen
2213 1579 2507 1643 mulieris
2521 1577 2553 1604 ”

340 1675 681 1758 significat.

440 1771 561 1856 [6.]
603 1772 949 1856 Quoniam
974 1791 1093 1856 per
1120 1777 1161 1806 “
1178 1791 1416 1836 semen
1432 1771 1466 1798 ’⁹
1489 1771 1915 1854 significatur
1937 1790 2170 1835 verum
2197 1767 2554 1834 doetrinae

341 1881 421 1926 ex
455 1864 713 1941 Verbo,
753 1874 824 1928 et
870 1865 937 1927 in
983 1883 1301 1947 supremo
1344 1883 1546 1928 sensu
1595 1864 1915 1927 Divinum
1962 1863 2242 1936 Verum,
2282 1862 2440 1926 inde
2485 1862 2554 1925 in

342 1958 646 2040 opposito
682 1977 884 2022 sensu
921 1978 1041 2041 per
1073 1963 1365 2022 “semen
1382 1957 1413 1983 ’⁹
1449 1955 1868 2040 significatur
1903 1955 2141 2020 falsum
2181 1952 2551 2030 doetrinae,

342 2060 406 2114 et
437 2052 677 2116 falsum
714 2051 1039 2116 infernale
1062 2053 1269 2117 z—Ut
1306 2053 1484 2136 apud
1523 2051 1830 2128 Esaiam,

428 2185 579 2236 “Vos
604 2187 841 2238 accedite
863 2187 981 2245 huc,
1007 2187 1101 2236 filii
1124 2187 1580 2250 praestigiatricis,
1604 2199 1791 2237 semen
1817 2186 2059 2246 adulteri,
2085 2195 2140 2236 et
2166 2193 2400 2235 scortata
2422 2180 2553 2236 [²les.

586 2251 794 2302 Contra
826 2266 983 2316 quem
1018 2249 1302 2302 oblectatis
1332 2254 1467 2303 vos?
1504 2262 1694 2302 contra
1727 2267 1884 2316 quem
1913 2252 2150 2302 dilatatis
2182 2266 2262 2311 oa,
2293 2251 2558 2313 elongatis

588 2317 866 2379 linguam?
948 2317 1145 2367 Nonne
1185 2333 1287 2368 vos
1327 2318 1439 2368 nati
1474 2317 1966 2382 praevaricationis,
2002 2330 2186 2367 semen
2230 2316 2492 2366 mendacii
2505 2314 2559 2368 ἲ·

586 2382 897 2444 (lvii-au)

344 2539 448 2602 per
482 2525 743 2584 “natos
774 2518 1381 2603 praestigiatricis”
1411 2528 1482 2582 et
1516 2540 1636 2602 per
1663 2525 1953 2583 “semen
1985 2516 2333 2594 adulteri,”
2357 2517 2564 2600 signi-

346 2611 621 2678 ficantur
644 2614 814 2678 falsa
840 2636 929 2678 ex
956 2613 1319 2678 falsificato
1343 2623 1414 2678 et
1440 2614 1832 2678 adulterato
1856 2612 2092 2676 Verbo
2115 2634 2130 2691 ;
2165 2633 2284 2695 per
2308 2617 2346 2644 “
2366 2621 2567 2675 natos

346 2709 935 2791 praestigiatricis”
987 2708 1157 2771 salsa
1208 2729 1297 2771 ex
1357 2706 1479 2771 illo
1528 2707 1910 2783 falsificato,
1967 2717 2038 2772 et
2100 2727 2218 2791 per
2274 2712 2566 2770 “semen

346 2801 665 2866 adulteri'’
705 2801 878 2865 falsa
922 2823 1012 2865 ex
1060 2801 1179 2865 illo
1216 2801 1646 2880 adulterato;
1701 2801 2005 2865 Verbum
2050 2801 2294 2865 dicitur
2339 2798 2565 2862 falsifi-

343 2906 556 2960 catum
575 2897 849 2980 quando
868 2916 1029 2960 vera
1060 2895 1199 2977 ejus
1225 2905 1723 2977 pervertuntur,
1747 2905 1818 2960 et
1843 2896 2087 2960 dicitur
2105 2895 2567 2958 adulteratum

343 2991 597 3071 quando
633 2990 944 3053 similiter
987 2990 1169 3053 bona
1223 2989 1384 3070 ejuS,
1429 2999 1573 3053 tum
1620 2990 1896 3072 quando
1939 3008 2101 3052 vera
2137 2988 2568 3071 applicantur

344 3085 663 3147 amoribus
700 3086 837 3148 sui:
887 3103 1005 3166 per
1048 3089 1309 3147 “natos
1352 3083 1953 3165 praevaricationis
1992 3093 2063 3146 et
2101 3102 2336 3146 semen
2375 3101 2566 3145 men-

344 3176 558 3252 dacii,”
576 3178 1047 3260 significantur
1066 3177 1234 3241 falsa
1258 3199 1345 3242 ex
1374 3178 1702 3260 prioribus
1721 3177 1853 3240 illis
1877 3177 2064 3241 falsis
2085 3177 2525 3240 scaturientia
2549 3196 2562 3238 :

344 3289 452 3352 per
502 3270 910 3336 “obleetare
970 3292 1044 3334 se
1060 3271 1091 3297 ’'
1142 3268 1563 3354 significatur
1614 3271 1984 3352 jucundum
2045 3293 2134 3335 ex
2198 3269 2568 3334 falsificatis

346 3383 609 3448 capere:
658 3386 777 3449 per
813 3367 1158 3430 “dilatare
1192 3387 1269 3429 os
1284 3366 1313 3391 '²
1346 3367 1765 3448 significatur
1794 3365 2162 3448 jucundum
2197 3365 2565 3448 cogitatio-

350 3461 442 3522 nis
476 3461 647 3536 inde,
683 3472 753 3525 et
787 3481 907 3544 per
940 3460 1323 3543 “elongare
1357 3461 1661 3542 linguam
1679 3461 1708 3486 ”
1741 3459 2160 3542 significatur
2189 3457 2560 3540 jucundum

346 3551 620 3617 docendi
655 3567 727 3618 et
766 3554 1175 3638 propalandi
1214 3555 1349 3618 illa.
1439 3554 1647 3636 Apud
1686 3552 1991 3628 Esaiam,

438 3695 588 3747 “Vae
618 3699 765 3761 genti
800 3697 1095 3761 peccatrici,
1130 3697 1330 3762 populo
1370 3698 1522 3760 gravi
1562 3697 1860 3761 iniquitate,
1895 3697 2090 3747 semini
2128 3695 2410 3756 malorum,
2445 3695 2568 3746 filiis

593 3765 1005 3826 corruptoribus,
1023 3761 1420 3826 dereliquerunt
1437 3761 1718 3827 Jehovam,
1738 3771 2097 3826 provocarunt
2122 3759 2376 3811 Samstum
2399 3761 2570 3811 Israe-

592 3829 669 3889 lis,
694 3829 1067 3878 abalienarunt
1090 3843 1151 3877 se
1177 3838 1469 3878 retrorsum
1484 3827 1514 3848 ”
1535 3827 1591 3889 (i.
1609 3829 1690 3889 4):

354 3979 461 4042 per
507 3963 840 4042 “gentem
886 3961 1341 4043 peccatricem
1358 3959 1391 3985 ”
1436 3959 1907 4042 significantur
1949 3959 2046 4024 illi
2092 3959 2202 4043 qui
2253 3959 2322 4023 in
2369 3959 2567 4024 malis

352 4062 517 4126 sunt,
564 4064 630 4117 et
695 4074 815 4136 per
870 4054 1251 4137 “populum
1310 4073 1594 4137 gravem
1649 4053 2052 4137 iniquitate”
2105 4053 2570 4137 significantur

353 4146 437 4210 illi
472 4149 580 4230 qui
620 4150 687 4212 in
734 4148 918 4212 falsis
964 4149 1123 4212 inde
1169 4159 1351 4226 sunt,
1400 4169 1559 4213 nam
1611 4147 1887 4231 “gens‘’
1933 4149 2000 4212 in
2048 4148 2282 4213 Verbo
2327 4149 2571 4214 dicitur

356 4239 433 4301 de
462 4238 670 4314 malis»,
698 4261 777 4303 ac
807 4246 847 4274 ⁴⁶
865 4241 1158 4323 populus
1175 4239 1207 4265 ’⁹
1227 4239 1315 4304 de
1339 4239 1524 4304 falsis
1550 4256 1790 4316 (videatur
1805 4269 2032 4316 saprum.
2062 4255 2195 4322 175.
2213 4257 2354 4321 331,
2374 4241 2526 4322 625)
2551 4261 2566 4304 ε

354 4329 883 4397 falsum·illorum
930 4334 1043 4416 qui
1086 4333 1153 4396 in
1201 4333 1397 4396 malis
1443 4344 1601 4397 sunt
1648 4331 2067 4415 significatur
2113 4353 2233 4416 per
2273 4337 2564 4398 “semen

356 4424 725 4504 malorum,”
762 4437 834 4490 et
878 4426 1048 4490 salsa
1084 4427 1352 4492 illorum
1399 4429 1510 4511 qui
1554 4429 1622 4491 in
1669 4427 1852 4490 falsis
1897 4447 1988 4490 ex
2030 4427 2212 4490 malo
2247 4426 2369 4491 illo
2406 4436 2566 4491 sunt

358 4514 803 4598 significantur
833 4538 957 4601 per
983 4518 1215 4582 “filios
1246 4528 1688 4601 corruptores
1711 4517 1766 4581 :”
1807 4533 1965 4595 (quod
1985 4528 2154 4581 ‘'filii''
2176 4534 2444 4593 significent
2463 4534 2572 4581 mos

361 4608 435 4664 qui
452 4608 501 4654 in
518 4609 633 4657 vens
650 4617 777 4664 tunt,
798 4610 917 4656 etin
937 4609 1161 4668 opposito
1180 4623 1322 4656 sensu
1343 4610 1425 4668 qui
1446 4609 1495 4656 in
1516 4607 1658 4664 salsis.
1680 4617 1728 4656 et
1748 4609 1986 4656 aben-acte
2004 4623 2118 4655 vera
2136 4617 2184 4655 et
2204 4609 2334 4662 falsa.
2355 4609 2573 4655 videatur
