3259 5384
706 620 876 688 2070
1325 616 1822 669 APOCALYPSIS
1869 616 2318 667 EXPLICATA.

703 798 938 871 potest
998 810 1087 851 ex
1149 787 1449 869 pluribus
1494 804 1667 870 quae
1713 788 1799 851 de
1851 787 2235 851 hominibus
2281 786 2455 851 illius
2501 786 2830 853 ecclesiae
2875 788 2936 851 in

702 883 1000 946 Arcanis
1052 881 1466 947 Caelestibus
1514 881 1730 945 relata
1775 892 1951 946 sunt.
2041 881 2142 945 At
2197 882 2546 967 sciendum
2601 892 2706 945 est
2761 882 2938 963 quod

704 995 1035 1059 nusquam
1093 975 1225 1039 illis
1282 976 1571 1039 vetitum
1631 974 1828 1039 suerit
1881 994 2273 1057 comparare
2333 976 2458 1038 sibi
2517 975 2941 1056 cognitiones

704 1070 864 1133 boni
912 1080 983 1133 et
1030 1069 1191 1133 mali
1234 1088 1273 1133 e
1326 1068 1540 1143 cae10,
1590 1088 1711 1149 per
1753 1068 1906 1132 illas
1951 1070 2132 1133 enim
2177 1066 2652 1149 perficiebatur
2697 1068 2941 1131 intelli·

702 1165 940 1245 gentia
992 1173 1061 1227 et
1117 1164 1452 1245 sapientia
1500 1162 1808 1226 illorum:
1866 1182 1992 1226 nec
2038 1164 2329 1227 vetitum
2375 1163 2496 1227 suit
2550 1182 2940 1243 comparare

702 1260 828 1323 sibi
864 1259 1293 1339 cognitiones
1329 1257 1491 1319 boni
1524 1266 1596 1320 et
1646 1257 1805 1320 mali
1850 1278 1888 1319 e
1933 1256 2210 1331 mundo,
2248 1256 2405 1319 inde
2443 1258 2622 1319 enim
2661 1256 2942 1319 scientia

702 1352 990 1415 naturali
1038 1370 1269 1414 eorum
1315 1350 1613 1427 homini;
1671 1350 1790 1413 sed
1839 1351 2129 1413 vetitum
2176 1350 2298 1413 suit
2343 1350 2468 1413 has
2512 1350 2940 1430 cognitiones

702 1446 946 1509 intueri
991 1446 1099 1507 via
1152 1446 1549 1525 posteriore,
1596 1446 1754 1526 quia
1799 1444 2036 1507 datum
2083 1453 2190 1507 est
2237 1444 2367 1506 illis
2413 1443 2644 1506 videre
2691 1444 2937 1515 omnia,

702 1560 876 1623 quae
922 1542 989 1605 in
1030 1539 1283 1602 mundo
1320 1558 1549 1602 coram
1596 1538 1809 1603 oculis
1855 1558 2089 1602 eorum
2134 1548 2612 1619 apparuerunt,
2655 1539 2766 1601 via
2810 1538 2939 1619 pri-

701 1654 861 1711 ore3
916 1635 1025 1696 via
1072 1634 1289 1714 priore
1337 1633 1579 1696 intueri
1626 1632 1973 1707 mundum,
2013 1652 2092 1695 ac
2137 1631 2255 1695 illa
2297 1652 2469 1714 quae
2513 1632 2627 1706 ibi,
2667 1642 2740 1695 et
2785 1632 2941 1695 inde

700 1729 1131 1809 cognitiones
1177 1728 1463 1802 haurire,
1511 1735 1617 1791 est
1662 1725 2106 1791 intueri.illas
2151 1748 2242 1789 ex
2289 1724 2439 1789 luce
2485 1726 2680 1799 caeli,
2729 1736 2802 1791 et
2845 1729 2938 1789 sic

700 1840 1120 1902 cognoscere
1164 1820 1365 1903 quale
1411 1840 1684 1897 eorum3
1745 1840 1950 1903 quare
1995 1822 2204 1884 etiam
2258 1840 2375 1901 per
2427 1821 2860 1902 cognitiones
2903 1841 2940 1883 e

702 1915 957 1978 mundo
1004 1923 1371 1996 potuerunt
1418 1913 1816 1979 confirmare
1871 1913 2214 1989 caelestia,
2262 1924 2334 1977 et
2383 1914 2479 1977 sic
2533 1914 2936 1995 sapientiam

700 2028 890 2072 suam
929 2009 1405 2087 corroborare;
1453 2018 1525 2072 at
1564 2008 1694 2072 illis
1731 2010 2018 2071 vetitum
2057 2008 2178 2072 suit
2225 2009 2468 2071 intueri
2507 2010 2940 2089 cognitiones

700 2123 737 2166 e
776 2105 1030 2167 mundo
1068 2104 1174 2167 via
1211 2105 1607 2185 posteriore,
1647 2103 1830 2185 quod
1867 2102 1943 2167 fit
1981 2104 2256 2186 quando
2292 2123 2382 2165 ex
2421 2102 2552 2166 illis
2588 2102 2937 2165 concludi-

701 2206 811 2261 tur
846 2198 931 2260 de
971 2197 1398 2271 caelestibuS,
1438 2197 1531 2259 sic
1571 2198 1840 2261 inverso
1875 2197 2131 2271 ordine,
2171 2198 2284 2279 qui
2321 2197 2490 2260 ordo
2527 2197 2614 2260 ab
2659 2196 2940 2260 eruditis

699 2302 985 2355 vocatur
1029 2292 1198 2354 ordo
1242 2290 1535 2353 influxus
1589 2291 1848 2373 physici
1905 2312 2022 2354 seu
2077 2290 2369 2353 influxus
2423 2292 2771 2366 naturaliS,
2827 2291 2937 2373 qui

702 2385 1090 2449 nullatenus
1135 2385 1335 2447 datur
1387 2385 1453 2448 in
1508 2386 1852 2449 caelestia.
1941 2384 2150 2447 Tales
2206 2382 2363 2448 sacti
2415 2395 2575 2448 sunt
2630 2385 2938 2449 homines

700 2478 1237 2561 Antiquissimae
1282 2477 1660 2553 Ecclesiae,
1707 2477 1983 2560 quando
2035 2488 2406 2560 coeperunt
2460 2498 2688 2541 amare
2742 2498 2936 2541 mun·

698 2573 878 2636 dana
933 2592 1089 2652 prae
1146 2570 1575 2648 caelestibus,
1624 2582 1696 2636 et
1751 2592 1822 2634 se
1877 2594 1966 2635 ex
2022 2573 2356 2654 sapientia
2408 2593 2530 2636 sua
2581 2571 2816 2637 efferre
2868 2586 2936 2636 et

698 2667 1012 2749 gloriari3
1060 2666 1216 2729 inde
1263 2666 1517 2748 posteri
1560 2685 1796 2729 eorum
1833 2666 2180 2730 sensuales
2223 2664 2382 2730 sacti
2429 2677 2610 2740 sunt,
2649 2677 2722 2730 et
2771 2676 2934 2730 tunc

700 2759 1010 2824 sensuale
1042 2778 1295 2834 eorum,
1333 2760 1515 2842 quod
1546 2759 1950 2841 intelligitur
1983 2781 2102 2842 per
2125 2766 2165 2793 “
2187 2760 2635 2841 serpentem,”
2655 2762 2936 2825 seduxit

700 2854 897 2933 illos;
953 2864 1024 2918 et
1056 2853 1371 2917 sensuale
1408 2873 1545 2916 non
1592 2854 1726 2917 alia
1771 2854 1901 2928 via,
1941 2875 2142 2935 quam
2181 2856 2579 2937 posteriore,
2621 2857 2936 2937 progredi

698 2949 866 3013 vult.
959 2948 1112 3012 Hoc
1150 2950 1379 3030 itaque
1416 2957 1522 3011 est
1560 2948 1744 3030 quod
1781 2947 2201 3029 significatur
2237 2969 2357 3031 per
2397 2949 2766 3012 “arborem
2803 2952 2932 3013 sci-

698 3045 927 3108 entiae
964 3044 1123 3107 boni
1160 3052 1231 3106 et
1271 3040 1489 3117 mali,”
1526 3062 1563 3105 e
1601 3062 1734 3123 qua
1772 3044 2132 3107 comedere
2169 3043 2301 3106 illis
2339 3043 2752 3125 prohibitum
2789 3043 2934 3107 suit.

701 3136 903 3218 Quod
942 3135 1202 3200 licuerit
1239 3136 1373 3198 illis
1408 3155 1804 3218 comparare
1842 3137 1969 3199 sibi
2005 3137 2438 3218 cognitiones
2475 3158 2513 3199 e
2553 3138 2828 3211 munde,
2865 3150 2934 3201 et

698 3231 851 3295 illas
904 3232 1011 3293 via
1072 3231 1291 3312 priore
1350 3230 1617 3303 intueri,
1680 3228 2102 3311 significatur
2160 3252 2278 3313 per
2336 3230 2520 3312 quod
2568 3230 2936 3311 “Jehovah

699 3325 887 3389 Deus
924 3325 1430 3405 progerminare
1462 3323 1695 3387 fecerit
1734 3344 1824 3386 ex
1863 3324 2074 3388 humo
2105 3345 2379 3389 omnem
2411 3326 2722 3389 arborem
2755 3326 2933 3389 desi-

698 3418 1067 3482 derabilem
1122 3415 1421 3500 aspectu,
1473 3427 1543 3481 et
1594 3417 1850 3480 bonum
1909 3418 1996 3480 ad
2055 3438 2243 3483 esum
2270 3418 2322 3495 ;''
2383 3438 2502 3500 per
2557 3420 2937 3483 “arbores’'

698 3513 877 3577 enim
910 3510 1375 3593 significantur
1408 3512 1842 3593 cognitiones
1875 3520 1946 3575 et
1979 3514 2494 3594 perceptiones;
2544 3534 2664 3595 per
2697 3515 2934 3577 “desi-

696 3606 999 3669 derabile
1052 3603 1378 3688 aspe&u”
1422 3603 1842 3687 significatur
1887 3606 2070 3688 quod
2122 3607 2466 3671 desiderat
2519 3606 2932 3680 intellectus

698 3710 771 3764 et
818 3721 935 3783 per
978 3698 1288 3763 “bonum
1335 3699 1421 3761 ad
1468 3699 1742 3763 cibum”
1788 3698 2206 3781 significatur
2250 3700 2432 3782 quod
2479 3702 2802 3765 conducit
2847 3703 2934 3765 ad

697 3796 1140 3859 nutritionem
1167 3795 1455 3857 mentis:
1504 3796 1940 3876 cognitiones
1966 3796 2126 3859 boni
2151 3804 2220 3859 et
2248 3794 2406 3857 mali
2436 3816 2476 3856 a
2511 3794 2812 3859 Domino
2843 3818 2934 3859 ex

698 3890 939 3973 quibus
991 3888 1349 3969 sapientia,
1406 3899 1477 3951 et
1532 3889 1966 3969 cognitiones
2018 3889 2178 3951 boni
2239 3898 2310 3952 et
2366 3888 2525 3950 mali
2585 3910 2623 3953 e
2677 3892 2936 3954 mundo

698 4004 789 4048 ex
826 3982 1066 4065 quibus
1103 3982 1411 4057 scientia,
1451 3983 2145 4064 repraesentabantur
2189 4004 2308 4065 per
2349 3984 2717 4047 “arborem
2757 3985 2933 4047 vita-

696 4097 844 4141 rum
862 4077 892 4101 ”
938 4086 1009 4140 et
1057 4096 1175 4158 per
1223 4075 1593 4140 “arborem
1641 4078 1968 4141 scientiae
2015 4078 2174 4140 boni
2218 4088 2290 4142 et
2338 4078 2498 4141 mali
2516 4078 2547 4101 '⁹
2591 4078 2658 4141 in
2706 4079 2936 4141 medio

696 4172 918 4236 horti:
966 4171 1147 4254 quod
1182 4168 1443 4235 licuerit
1476 4171 1610 4235 illis
1643 4172 2076 4254 adpropriare
2109 4172 2232 4235 sibi
2263 4172 2696 4253 cognitiones
2721 4172 2932 4235 unde-

696 4288 982 4351 quaque,
1025 4276 1169 4347 tam
1207 4288 1297 4331 ex
1337 4266 1531 4331 caelo
1568 4286 1772 4348 quam
1808 4286 1899 4329 ex
1937 4267 2214 4338 mundo,
2249 4268 2456 4330 modo
2493 4288 2630 4330 non
2663 4268 2934 4330 inverso

695 4362 931 4425 ordine
978 4363 1451 4443 procederent,
1498 4360 1973 4424 ratiocinando
2025 4382 2116 4425 ex
2174 4361 2304 4424 illis
2356 4362 2444 4425 de
2495 4360 2930 4433 caelestibus»

695 4466 767 4521 et
806 4476 943 4520 non
981 4457 1354 4538 cogitando
1390 4476 1481 4519 ex
1520 4455 1934 4519 caelestibus
1970 4456 2056 4519 de
2095 4456 2475 4531 mundaniS,
2511 4455 2934 4537 significatur

696 4572 818 4635 per
862 4553 1042 4635 quod
1087 4549 1566 4633 “praeceperit
1607 4548 1921 4631 Jehovah
1970 4548 2154 4613 Deus
2201 4560 2274 4614 ut
2320 4571 2410 4614 ex
2457 4551 2644 4615 omni
2687 4552 2932 4617 arbore
