3259 5384
995 712 1156 763 cAP.
1192 711 1367 775 xm,
1400 709 1609 761 VERs.
1642 708 1864 779 7.--N.
1897 696 2040 778 875.
2465 704 2632 773 2405
2711 679 2718 689 ’

394 878 461 942 in
491 880 727 962 spiritu
752 890 893 957 s'uo,
921 892 1039 946 aut
1064 900 1295 945 secum
1320 880 1656 962 cogitant,
1685 888 1847 942 tunc
1879 896 2154 960 prorsus
2187 894 2323 939 non
2343 875 2633 956 sapiunt,

392 974 605 1039 immo
658 976 1064 1059 quandoque
1122 975 1417 1039 delirant
1480 974 1654 1037 sicut
1715 973 1900 1047 fatui,
1963 971 2334 1053 cogitando
2397 979 2638 1033 contra

392 1066 643 1131 Divina
688 1090 849 1133 vera
902 1090 1075 1152 quae
1122 1070 1333 1133 locuti
1377 1079 1579 1147 sunt3
1644 1067 1844 1131 aliter
1887 1086 2052 1131 vero
2097 1066 2198 1130 illi
2243 1066 2355 1148 qui
2398 1065 2636 1127 vivunt

388 1162 767 1227 secundum
816 1163 1063 1227 Divina
1108 1184 1307 1241 vera;
1372 1163 1469 1226 illi
1514 1163 1829 1243 cogitant
1875 1162 2220 1242 sapienter
2270 1176 2522 1233 secum,
2563 1167 2634 1221 et

388 1274 663 1338 quoque
694 1256 1066 1339 loquuntur
1094 1260 1441 1339 sapienter
1472 1275 1625 1321 cum
1659 1256 1828 1318 aliis,
1921 1254 2076 1317 Hoc
2115 1253 2279 1317 mihi
2315 1273 2407 1317 ex
2445 1250 2631 1315 mille

386 1351 859 1431 experientiae
897 1352 1234 1432 exemplis
1270 1352 1337 1413 in
1371 1351 1629 1413 mundo
1661 1348 1992 1432 spirituali
2023 1348 2260 1412 datum
2293 1356 2402 1410 est
2435 1346 2630 1419 scire,

386 1459 549 1505 nam
588 1444 679 1507 ibi
716 1446 1239 1510 manifestantur
1271 1444 1441 1509 talia
1472 1463 1647 1526 quae
1683 1445 1752 1507 in
1790 1442 2046 1505 mundo
2080 1440 2372 1504 naturali
2410 1440 2630 1503 homi-

384 1536 584 1600 nibus
616 1558 887 1619 prorsus
923 1541 1166 1621 ignota
1202 1540 1491 1603 suerunt.
1586 1537 1843 1601 Audivi
1881 1535 2108 1618 plures
2143 1535 2234 1597 ibi
2272 1535 2455 1617 loqui
2487 1544 2630 1598 tam

380 1632 732 1712 sapienter
786 1645 860 1696 ut
921 1634 1267 1697 crederem
1333 1632 1515 1715 quod
1578 1652 1671 1696 ex
1728 1631 2066 1695 interioris
2133 1628 2306 1692 caeli
2365 1628 2630 1710 angelis

380 1736 640 1801 essent,
681 1728 803 1789 sed
841 1748 1057 1810 usque
1092 1726 1251 1791 sacti
1286 1737 1446 1791 sunt
1484 1725 1759 1801 diaboli,
1799 1727 1956 1809 quia
2001 1724 2252 1788 talibus
2297 1723 2628 1806 impleve-

380 1830 543 1883 runt
598 1823 996 1885 memoriam
1040 1841 1232 1885 suam
1294 1842 1385 1886 ex
1430 1840 1664 1884 amore
1719 1820 1999 1901 gloriae,
2049 1820 2170 1881 sed
2235 1838 2442 1899 usque
2489 1836 2626 1880 non

378 1914 705 1979 vixerunt
751 1916 1125 1979 secundum
1172 1916 1331 1993 illa;
1380 1936 1589 1998 quare
1637 1924 1711 1977 ut
1759 1915 2046 1996 primum
2093 1912 2180 1975 ad
2227 1934 2300 1975 se
2346 1922 2417 1974 et
2464 1932 2626 1974 suae

377 2008 569 2072 vitae
607 2028 909 2073 amorem
948 2010 1316 2085 redierunt,
1354 2009 1568 2073 locuti
1606 2019 1764 2072 sunt
1805 2018 2045 2071 contra
2083 2006 2221 2082 illa,
2263 2016 2333 2069 et
2373 2007 2624 2068 insani-

376 2113 627 2165 verunt
662 2105 835 2166 sicut
862 2124 1131 2185 prorsus
1158 2104 1325 2167 nihil
1352 2104 1495 2167 tale
1525 2104 1906 2166 scivissent.
2001 2101 2169 2165 Inde
2207 2100 2371 2163 mihi
2403 2100 2624 2181 patuit

376 2196 563 2277 quod
602 2216 819 2278 paene
867 2200 1077 2261 cuivis
1124 2201 1213 2262 sit
1257 2198 1547 2262 facultas
1595 2197 2054 2279 intelligendi,
2094 2196 2183 2258 ob
2230 2213 2503 2258 causam
2550 2204 2625 2258 ut

375 2292 647 2371 possint
693 2293 1040 2356 reformari
1063 2315 1079 2371 ;
1137 2295 1255 2356 sed
1305 2294 1415 2375 qui
1462 2312 1599 2356 non
1639 2294 1807 2355 vivit
1846 2294 2060 2355 vitam
2100 2292 2260 2361 veri,
2301 2308 2439 2352 non
2475 2289 2624 2353 vult

376 2383 769 2463 reformari3
818 2396 889 2449 et
936 2388 1047 2469 qui
1094 2407 1231 2451 non
1269 2388 1418 2451 vult
1467 2386 1836 2462 reformari,
1876 2387 1931 2449 is
1979 2386 2362 2448 successive
2407 2383 2621 2464 rejicit

375 2499 419 2541 a
455 2500 531 2543 se
570 2483 799 2543 omnia
835 2502 1009 2564 quae
1047 2481 1552 2564 intelligentiae
1591 2490 1663 2544 et
1701 2480 2076 2563 sapientiae
2115 2479 2293 2542 illius
2330 2480 2619 2552 suerunt,

374 2584 448 2637 et
490 2574 655 2637 vivit
696 2596 887 2637 suum
926 2596 1251 2653 amorem,
1287 2578 1399 2659 qui
1436 2586 1543 2640 est
1582 2584 1826 2638 contra
1863 2574 2000 2649 illa,
2041 2585 2113 2638 et
2157 2574 2428 2638 accedit
2467 2583 2622 2638 tan-

376 2668 536 2731 dem
584 2668 670 2730 ad
717 2669 871 2731 illos
918 2672 1029 2753 qui
1068 2671 1135 2733 in
1180 2669 1441 2733 inferno
1492 2680 1674 2745 sunt,
1717 2680 1787 2733 et
1833 2670 1900 2732 in
1949 2668 2152 2731 simili
2189 2688 2420 2732 amore
2467 2688 2621 2731 cum

373 2760 531 2825 illis.
624 2762 736 2825 Ex
797 2763 901 2826 his
950 2774 1268 2828 constare
1316 2773 1551 2846 potest
1596 2764 1778 2845 quod
1821 2764 2039 2827 “dare
2087 2762 2238 2826 Deo
2283 2762 2572 2844 gloriam
2591 2761 2622 2785 ’'

376 2854 719 2938 significet
766 2859 991 2921 vivere
1038 2860 1409 2922 secundum
1458 2858 1780 2921 Divinum
1819 2856 2077 2921 Verum
2103 2879 2120 2935 ;
2178 2858 2361 2939 quod
2407 2858 2617 2920 etiam

376 2949 715 3014 Dominus
754 2952 857 3013 his
880 2954 1103 3017 verbis
1128 2952 1363 3015 docuit
1410 2952 1589 3034 apud
1627 2951 2031 3027 Jolzannem,

476 3096 509 3117 ‘⁸
526 3092 593 3144 In
618 3096 719 3144 hoc
736 3095 1063 3158 glorificatus
1082 3104 1167 3146 est
1189 3096 1350 3146 Pater
1366 3111 1536 3155 meus,
1551 3106 1613 3147 ut
1637 3094 1868 3147 fructum
1889 3097 2116 3145 multum
2137 3095 2336 3155 feratis,
2355 3105 2411 3145 et
2433 3095 2622 3145 redda-

644 3162 779 3209 mini
802 3161 1045 3223 discipuli
1066 3162 1170 3212 mei
1194 3180 1233 3212 z.
1254 3199 1265 3211 .
1286 3199 1299 3212 .
1320 3172 1559 3211 ‚manete
1584 3162 1639 3211 in
1665 3160 1954 3211 dilectione
1971 3176 2123 3211 mea:
2161 3163 2208 3211 si
2231 3162 2488 3209 mandata
2503 3176 2623 3209 mea

642 3228 1001 3286 servaveritis,
1026 3228 1313 3277 manebitis
1338 3228 1391 3275 in
1422 3225 1712 3277 dilectione
1742 3241 1863 3276 mea
1879 3243 1916 3276 ε.
1937 3264 1950 3277 .
1969 3264 1981 3276 .
2003 3242 2124 3277 ‚vos
2151 3227 2310 3275 amici
2340 3227 2446 3275 mei
2473 3226 2620 3285 estis,

640 3292 687 3340 si
710 3292 944 3341 feceritis
972 3306 1318 3356 quaecunque
1345 3292 1461 3356 Ego
1486 3292 1686 3341 mando
1702 3291 1908 3366 yobis'’
1933 3292 2041 3353 (xv.
2066 3292 2110 3351 8,
2135 3288 2230 3357 [9,]
2261 3304 2336 3351 10,
2365 3292 2474 3353 14):

370 3425 533 3489 inde
580 3433 774 3506 patet
821 3426 1004 3506 quod
1046 3424 1485 3507 “glorificare
1532 3425 1820 3503 Deum,”
1857 3447 1978 3490 seu
2021 3428 2238 3490 “dare
2279 3427 2430 3490 Deo
2466 3426 2618 3509 glo-

371 3520 603 3594 riam,”
648 3521 735 3583 sit
786 3518 1127 3583 “fructum
1182 3520 1407 3585 serre.’'
1496 3520 1854 3584 Praeterea
1901 3523 2258 3585 videantur
2305 3542 2477 3604 quae
2529 3522 2616 3585 de

368 3614 594 3696 gloria
630 3616 811 3695 prius
840 3612 1023 3678 dicta
1054 3625 1233 3691 sunt,
1264 3625 1336 3679 ut
1369 3616 1551 3696 quod
1581 3621 1619 3647 “
1639 3615 1855 3697 gloria
1870 3615 1900 3640 ”
1925 3614 2263 3697 significet
2298 3615 2615 3679 Divinum

369 3708 633 3771 Verum
662 3708 1036 3789 procedens
1068 3730 1107 3771 a
1131 3708 1453 3785 Domine,
1484 3730 1561 3772 ac
1588 3711 2052 3791 receptionem
2078 3710 2218 3790 ejus
2243 3710 2330 3773 ab
2353 3710 2618 3793 angelis

368 3809 444 3863 et
478 3800 567 3863 ab
590 3800 981 3863 hominibus
1006 3817 1077 3875 (n.
1100 3813 1253 3881 [¹133.
1276 3802 1421 3869 288,
1447 3814 1595 3881 345)
1620 3822 1636 3863 ;
1670 3812 1742 3866 et
1773 3802 1958 3885 quod
1984 3808 2023 3834 ‘⁴
2041 3802 2264 3883 gloria
2288 3801 2568 3865 Domini
2586 3800 2617 3825 ”

366 3897 461 3972 sit
505 3895 843 3960 illustrare
890 3898 1197 3961 homines
1242 3908 1314 3961 et
1360 3898 1668 3979 angeloS,
1716 3918 1796 3962 ac
1841 3898 2042 3962 beare
2088 3898 2242 3961 illos
2287 3899 2617 3980 sapientia

367 4001 444 4054 et
492 3989 838 4065 felicitate,
891 3991 1072 4073 quod
1106 3989 1203 4055 'fit
1263 3993 1457 4055 unice
1505 4011 1626 4073 per
1669 3994 2129 4076 receptionem
2179 3992 2403 4056 Divini
2452 3992 2617 4056 Veri

365 4080 679 4148 doctrina
712 4096 782 4147 et
820 4085 1016 4148 simul
1054 4086 1214 4149 vita.

490 4182 684 4265 873·
740 4183 940 4253 “Ouia
990 4185 1149 4247 vonit
1198 4184 1353 4249 hot-a
1392 4184 1618 4267 judieii
1666 4184 2218 4267 Ipsius.”--Quod
2276 4184 2615 4268 significet

364 4276 859 4354 separationem
889 4276 1250 4340 viventium
1280 4278 1631 4342 secundum
1660 4278 1916 4342 Divina
1945 4298 2108 4341 vera
2141 4300 2186 4341 a
2222 4298 2348 4341 non
2383 4279 2614 4343 viven-

365 4366 547 4433 tibus
576 4370 927 4433 secundum
956 4370 1099 4448 illa,
1126 4382 1401 4436 constat
1432 4394 1523 4437 ex
1556 4372 2051 4455 significatione
2080 4377 2120 4404 “
2137 4372 2403 4449 horae,”
2428 4375 2612 4455 quod

364 4461 459 4523 sit
489 4470 740 4536 statuS,
774 4462 882 4523 hic
920 4472 1145 4527 status
1174 4462 1457 4527 ultimus
1487 4464 1824 4528 ecclesiae
1856 4480 1940 4539 (de
1961 4492 2060 4537 qua
2078 4480 2316 4539 sequitur)
2342 4484 2358 4543 ;
2411 4474 2482 4527 et
2521 4486 2612 4527 ex

364 4554 861 4635 significatione
892 4554 1228 4636 “judicii,”
1252 4556 1433 4638 quod
1464 4558 1553 4619 sit
1584 4558 1924 4638 separatio
1954 4558 2282 4625 bonorum
2317 4578 2358 4620 a
2389 4557 2608 4632 maliS,

364 4649 463 4712 ita
494 4648 869 4735 viventium
900 4650 1269 4713 secundum
1303 4650 1549 4714 Divina
1578 4670 1740 4716 vera
1771 4650 2046 4715 Domini
2076 4672 2117 4716 a
2148 4671 2287 4716 non
2317 4651 2609 4717 viventi-
