3259 5384
683 671 854 739 2290
1305 675 1810 729 APOCALYPSIS
1857 677 2309 730 EXPLICATA.

675 841 850 908 sicut
889 842 1100 908 draco
1124 843 1178 923 ;”
1222 853 1294 909 et
1333 865 1454 928 per
1495 847 1927 912 “draconem
1946 848 1975 874 ”
2014 848 2494 932 intelliguntur
2534 847 2649 933 qui
2684 848 2760 912 in
2796 845 2933 914 fide

673 944 998 1018 separata
1041 955 1082 1000 a
1127 937 1472 1000 charitate
1517 947 1677 1005 sunt
1722 947 1793 1002 et
1840 938 2155 1005 doctrina
2196 951 2270 1004 et
2305 941 2453 1005 vita
2498 957 2935 1018 (νίᾱωιιηιῳιι,

673 1053 720 1088 n.
750 1039 930 1105 714);
995 1034 1069 1090 et
1125 1045 1249 1108 per
1304 1025 1484 1090 hanc
1545 1027 1955 1092 “bestiam’'
2011 1029 2494 1111 intelliguntur
2558 1030 2937 1096 confirma·

673 1117 898 1182 tiones
929 1139 1019 1182 ex
1053 1137 1257 1181 sensu
1293 1117 1568 1183 litterae
1603 1117 1819 1184 Verbi
1856 1140 1980 1203 pro
2018 1119 2648 1204 separatione-fidei
2686 1144 2729 1186 a
2762 1125 2931 1197 vita.

671 1219 742 1274 et
775 1209 932 1274 inde
968 1208 1180 1273 Verbi
1215 1207 1769 1289 falsificationes;
1817 1231 2025 1294 quare
2058 1211 2453 1295 religiosum
2492 1212 2661 1276 illud
2698 1216 2933 1296 quoad

671 1301 1052 1368 doctrinam
1083 1313 1157 1368 et
1188 1303 1414 1386 quoad
1455 1305 2035 1386 praedicationem
2070 1304 2495 1388 significatur
2526 1327 2646 1390 per
2681 1307 2933 1390 “loqui

671 1397 846 1460 sicut
877 1395 1142 1460 draco.”
1234 1393 1576 1478 Quoniam
1616 1415 1738 1479 per
1772 1397 2203 1460 “draconem
2222 1397 2253 1422 ”
2284 1406 2355 1462 et
2395 1418 2516 1481 per
2548 1399 2749 1463 binas
2786 1399 2933 1480 ejus

676 1489 1038 1555 “bestias”
1086 1489 1490 1556 describitur
1539 1487 1711 1554 fides
1764 1488 2178 1574 separata'a
2224 1493 2586 1568 charitate,
2638 1502 2712 1556 et
2771 1494 2933 1558 inde

669 1583 1052 1650 falsificatio
1105 1584 1339 1660 Verbi,
1397 1584 1602 1649 velim
1658 1586 1725 1649 in
1780 1586 1911 1649 hoc
1968 1586 2260 1650 articulo
2314 1587 2686 1651 ostendere
2740 1588 2930 1670 quod

670 1679 890 1744 simile
925 1680 1345 1744 haereticum
1377 1680 1444 1744 in
1479 1679 1718 1744 Verbo
1749 1680 2176 1745 describatur
2209 1702 2327 1764 per
2364 1679 2779 1755 “Cainum,”
2812 1702 2930 1765 per

672 1773 1130 1839 “Reubenem
1151 1773 1183 1799 ”
1211 1784 1284 1838 et
1317 1795 1437 1857 per
1473 1774 2051 1851 “philisthaeos,’'
2084 1786 2155 1840 et
2186 1776 2370 1860 quod
2408 1772 2627 1840 simile
2664 1776 2927 1840 intelli-

668 1877 870 1947 gatur
900 1886 1021 1949 per
1054 1867 1372 1930 “hircum
1393 1866 1423 1890 ”
1453 1868 1637 1950 apud
1668 1867 2035 1931 Danielem.
2130 1867 2434 1932 Fuerunt
2474 1869 2656 1930 enim
2693 1868 2924 1933 eccle-

668 1958 806 2024 siae
838 1959 906 2021 in
943 1959 1074 2022 hac
1115 1957 1360 2022 tellure
1399 1958 1667 2042 plures;
1716 1979 1965 2042 nempe
1998 1958 2503 2043 Antiquissima
2540 1979 2715 2042 quae
2760 1969 2924 2025 ante

666 2053 1016 2130 diluvium,
1051 2052 1364 2137 Antiqua
1395 2074 1568 2137 quae
1608 2065 1769 2138 post
1804 2054 2155 2129 diluvium,
2184 2053 2467 2135 Judaica
2498 2074 2674 2137 quae
2705 2054 2919 2118 Anti·

668 2165 844 2226 quae
881 2146 1235 2219 successit,
1277 2155 1347 2210 et
1387 2145 1632 2210 ultimo
1670 2146 1990 2211 Ecclesia
2029 2143 2461 2224 Christiana;
2508 2165 2755 2210 omnes
2792 2146 2921 2211 hae

667 2236 997 2303 ecclesiae
1032 2237 1360 2320 temporis
1393 2234 1616 2301 tractu
1645 2238 2239 2320 degeneraverunt
2274 2239 2343 2302 in
2375 2238 2573 2301 binos
2602 2257 2915 2302 enormes

664 2352 946 2406 erroreS,
986 2332 1054 2394 in
1092 2350 1298 2395 unum
1344 2333 1456 2414 qui
1501 2332 1917 2397 adulteravit
1958 2334 2184 2396 omnia
2224 2332 2407 2397 bona
2443 2332 2803 2407 ecclesiae,
2842 2343 2910 2398 et

664 2425 730 2488 in
769 2425 1060 2488 alterum
1097 2426 1212 2508 qui
1247 2424 1630 2490 falsificavit
1671 2429 1902 2490 omnia
1940 2447 2101 2490 vera
2139 2426 2301 2508 ejus,
2393 2425 2711 2491 Ecclesia
2742 2447 2912 2509 quae

663 2515 1075 2580 adulteravit
1110 2518 1339 2581 omnia
1371 2516 1554 2581 bona
1585 2517 1943 2592 ecclesiae,
1979 2517 2389 2582 describitur
2420 2519 2486 2581 in
2522 2516 2762 2582 Verbo
2800 2539 2912 2600 per

667 2611 1141 2692 “Babylonios
1157 2611 1189 2636 '’
1225 2622 1297 2676 et
1339 2610 1790 2678 “Chaldaeos
1815 2612 1868 2691 ;”
1921 2623 1993 2676 et
2040 2614 2334 2678 ecclesia
2378 2634 2549 2697 quae
2596 2613 2910 2678 falsifica-

662 2705 759 2767 vit
813 2705 1040 2767 omnia
1092 2725 1254 2769 vera
1303 2704 1660 2779 ecclesiae,
1708 2705 2116 2769 describitur
2172 2726 2292 2788 per
2340 2702 2753 2780 “Cainum,’'
2796 2726 2912 2789 per

665 2804 704 2830 “
723 2796 1181 2874 Reubenem,”
1206 2818 1458 2882 perque
1486 2803 1525 2831 ‘⁸
1550 2797 2069 2872 Philisthae0s‚”
2093 2811 2164 2864 et
2199 2800 2379 2882 apud
2411 2799 2763 2864 Danielem
2792 2821 2911 2883 per

665 2891 1029 2956 “hircum”
1082 2893 1193 2975 qui
1256 2893 1589 2975 pugnavit
1654 2912 1807 2956 cum
1862 2895 2076 2957 ariete
2133 2904 2205 2958 et
2260 2895 2424 2957 vicit
2478 2893 2693 2956 illum.
2808 2893 2909 2958 De

661 2983 1166 3047 adulteratione
1205 2983 1365 3048 boni
1405 2983 1761 3059 ecclesiae,
1802 3006 1977 3068 quae
2017 2985 2425 3050 describitur
2462 3005 2580 3067 per
2621 2984 2906 3068 “Baby-

662 3075 881 3138 Ionios
902 3074 932 3099 '’
992 3085 1062 3140 et
1121 3074 1628 3151 “Chaldaeos,”
1684 3076 1949 3141 dicetur
2010 3078 2077 3140 in
2142 3078 2604 3160 sequentibuS,
2670 3079 2785 3142 ubi
2844 3079 2906 3140 in

661 3167 722 3240 Α
725 3166 1077 3249 ροεαζγρεἰ
1106 3168 1191 3232 de
1227 3167 1715 3248 “Babylonia”
1752 3171 2018 3251 agitur;
2068 3189 2245 3232 nunc
2286 3179 2518 3251 autem
2556 3169 2643 3233 de
2682 3169 2907 3233 falsifi-

661 3261 933 3325 catione
969 3263 1131 3338 veri,
1171 3283 1346 3344 quae
1384 3263 1493 3327 hic
1533 3263 1599 3326 in
1640 3263 2061 3346 Apocalypsi
2091 3262 2496 3327 describitur
2531 3284 2651 3345 per
2696 3265 2905 3328 “dra-

661 3355 952 3420 conem’'
997 3366 1068 3421 et
1115 3355 1257 3438 ejus
1302 3357 1498 3420 binas
1548 3358 1864 3420 “bestias
1890 3357 1941 3436 ;'’
1997 3357 2181 3441 quod
2228 3358 2439 3422 etiam
2486 3357 2908 3423 describatur

660 3472 779 3534 per
813 3456 852 3483 ‘⁸
877 3449 1209 3515 Cainum”
1242 3461 1314 3516 et
1345 3473 1465 3534 per
1496 3452 1793 3535 reliquos
1827 3473 2029 3534 supra
2063 3453 2479 3528 nominatOS,
2516 3452 2805 3516 dicetur.

785 3545 912 3632 [b.]
976 3546 1182 3630 Quod
1219 3568 1342 3631 per
1381 3547 1787 3612 “Cainum”
1823 3549 2334 3631 repraesentati
2371 3549 2511 3611 sint
2549 3550 2661 3632 qui
2708 3569 2906 3633 sepa·

660 3651 814 3706 rant
841 3641 1272 3723 cognitiones
1297 3643 1436 3704 veri
1463 3651 1534 3705 et
1565 3641 1727 3704 boni
1751 3662 1793 3705 a
1818 3643 1961 3704 vita
1987 3631 2361 3704 sec⁰undum
2395 3640 2568 3715 illas,
2594 3651 2665 3705 et
2691 3643 2907 3706 credi-

660 3737 904 3799 derunt
930 3736 1110 3820 quod
1145 3756 1265 3818 per
1288 3735 1440 3799 illas
1466 3736 1649 3798 solas
1674 3734 2125 3810 salvarentur,
2158 3737 2393 3817 paucis
2419 3745 2778 3800 ostensum
2802 3747 2906 3800 est

659 3833 725 3893 in
763 3829 1060 3894 Arcanis
1105 3829 1537 3905 Caelestt'bus,
1582 3829 1692 3892 ubi
1731 3831 1817 3894 de
1857 3829 2075 3894 Caino
2112 3839 2183 3892 et
2225 3829 2451 3894 Abele
2488 3828 2717 3894 actum
2755 3841 2905 3894 est:

659 3925 898 4009 quibus
928 3925 1099 3988 haec
1135 3924 1338 3988 velim
1375 3923 1688 4006 adjicere.
1783 3923 1888 3988 De
1923 3922 2139 3988 Caino
2175 3924 2447 4006 legitur,

757 4066 917 4131 Quod
957 4067 1350 4130 primogenitus
1391 4067 1590 4118 Adami
1629 4066 1805 4127 fuerit,
1846 4078 1902 4118 et
1944 4068 2085 4131 quod
2129 4067 2354 4117 coluerit
2394 4067 2634 4126 humum,
2672 4077 2729 4118 et
2770 4067 2909 4131 quod

919 4131 1170 4182 obtulerit
1208 4132 1274 4181 de
1315 4129 1492 4183 itu-stu
1533 4133 1683 4182 humi
1724 4147 1921 4183 munus
1963 4133 2235 4197 Jehovae;
2286 4142 2341 4182 et
2388 4133 2530 4196 quod
2572 4134 2711 4182 Abel
2754 4133 2910 4182 fuerit

921 4207 1105 4261 pastor
1131 4198 1324 4260 gregiS‚
1356 4207 1408 4247 et
1438 4199 1580 4262 quod
1617 4199 1871 4248 obtulerit
1899 4200 1964 4248 de
2006 4198 2380 4261 primogenitis
2416 4199 2598 4262 gregis
2634 4199 2735 4256 sui,
2764 4207 2818 4247 et
2844 4197 2909 4246 de

920 4263 1246 4326 pinguedine
1274 4278 1498 4322 eorum:
1531 4272 1586 4314 et
1615 4263 1759 4328 quod
1788 4263 2033 4329 Jebovah
2064 4265 2337 4328 aspexerit
2372 4265 2440 4314 nd
2478 4277 2673 4313 munus
2705 4263 2907 4320 Abelis,

919 4338 976 4378 et
1013 4343 1122 4378 non
1157 4329 1226 4378 nd
1264 4344 1460 4378 munus
1499 4329 1670 4388 Caini,
1707 4340 1761 4380 et
1796 4331 1938 4394 quod
1979 4330 2101 4379 ideo
2140 4331 2474 4386 accensasst
2510 4330 2591 4379 ira
2629 4329 2819 4388 Caino,
2854 4338 2907 4378 et

919 4395 1172 4444 occiderit
1213 4395 1433 4445 fratrem
1475 4410 1665 4452 suum:
1719 4405 1773 4445 et
1818 4396 1960 4460 quod
2007 4395 2145 4445 Cain
2194 4396 2315 4445 ideo
2364 4393 2675 4445 maledictus
2730 4396 2816 4454 sit,
2856 4404 2908 4443 et

919 4457 1126 4524 ejectus
1155 4461 1337 4519 humo,
1361 4472 1415 4510 et
1439 4459 1614 4511 factus
1640 4475 1811 4524 vagus
1836 4471 1889 4510 et
1918 4461 2179 4523 profugus
2210 4462 2265 4510 in
2296 4471 2471 4520 terra;
2507 4472 2560 4511 et
2583 4461 2725 4525 quod
2748 4459 2909 4526 Jeho-

919 4527 1026 4576 vah
1061 4527 1375 4590 imposuerit
1411 4526 1584 4576 Caino
1617 4527 1835 4588 signum
1872 4541 1941 4576 ne
1977 4527 2326 4584 occideretur,
2360 4541 2485 4576 cum
2522 4537 2723 4576 statuto
2760 4525 2901 4590 quod

919 4592 1338 4656 septempliciter
1373 4593 1734 4642 vindicaretur
1773 4591 1863 4656 qui
1906 4591 2054 4642 illum
2098 4591 2364 4642 occideret
2404 4591 2492 4654 (de
2534 4592 2723 4657 quibus
2759 4591 2903 4640 vide·

919 4667 1040 4709 atur
1061 4671 1174 4721 cap.
1201 4659 1268 4708 iv·
1297 4657 1568 4720 Geneseos).
