3259 5384
643 653 812 718 2040
1093 651 1594 706 APOCALYPSIS
1640 655 2092 708 EXPLICATA.

637 821 828 885 illum
867 832 1151 898 statum,
1195 828 1436 889 “terra
1471 823 1861 890 solitudinis
1898 834 1971 890 et
2006 823 2282 890 foveae”
2312 823 2652 908 significat
2690 823 2875 890 illum

638 917 862 1000 quoad
911 916 1092 982 mala
1139 925 1211 982 et
1257 917 1428 982 salsa
1473 939 1649 1003 quae
1694 928 2079 1002 emergunt,
2132 924 2374 984 “terra
2428 920 2763 984 siccitatis
2806 929 2875 985 et

645 1010 924 1085 umbrae
962 1012 1215 1077 densae
1233 1012 1264 1036 '³
1301 1011 1643 1095 significat
1688 1015 2205 1097 perceptionem
2250 1013 2408 1078 boni
2455 1023 2529 1079 et
2564 1013 2876 1078 intellec·

639 1115 788 1170 tum
845 1107 986 1168 veri
1045 1108 1526 1170 obscuratum:
1595 1117 1825 1172 status
1882 1107 2179 1171 hominis
2236 1117 2395 1190 post
2454 1109 2878 1172 tentationes

639 1199 1045 1264 describitur
1085 1221 1205 1282 per
1241 1199 1484 1264 “Duxi
1523 1222 1648 1266 vos
1693 1202 1763 1265 in
1810 1211 2065 1266 terram
2108 1201 2339 1283 frugis,
2378 1201 2468 1265 ad
2511 1202 2879 1267 comeden-

640 1292 804 1358 dum
856 1290 1142 1357 fructum
1197 1291 1340 1376 ejus
1393 1303 1464 1359 et
1519 1295 1775 1359 bonum
1829 1293 1993 1378 ejus,
2010 1293 2042 1320 '⁸
2076 1315 2198 1378 per
2240 1315 2417 1378 quae
2459 1293 2879 1376 significatur

643 1386 828 1470 quod
865 1384 1231 1452 introducti
1267 1387 1334 1451 in
1373 1386 1760 1462 ecclesiam,
1792 1388 1907 1452 ubi
1944 1409 2105 1453 vera
2142 1387 2513 1464 doctrinae,
2554 1409 2674 1472 per
2710 1409 2879 1471 quae

639 1481 1104 1563 appropriatio
1147 1481 1310 1546 boni
1354 1483 1606 1546 amoris
1646 1493 1717 1547 et
1751 1483 2156 1562 charitatis;
2206 1489 2449 1548 “terra
2464 1483 2495 1510 ’⁸
2534 1482 2877 1565 significat

646 1574 1030 1650 ecclesiam,
1071 1581 1108 1608 ‘⁴
1133 1586 1314 1640 terra
1344 1575 1551 1658 frugis
1565 1575 1596 1602 ”
1629 1576 1819 1640 illam
1850 1577 2078 1660 quoad
2110 1598 2269 1642 vera
2299 1575 2673 1652 doctrinae,
2704 1581 2879 1642 “co-

645 1669 922 1732 medere
938 1669 969 1695 ’⁹
1013 1669 1356 1751 significat
1411 1672 1849 1754 appropriari,
1902 1668 2257 1735 “fructus”
2302 1671 2555 1734 bonum
2608 1672 2879 1744 ameria.

593 1802 608 1826 .
641 1785 722 1923 ῗ
775 1765 1130 1830 “bonum'’
1178 1765 1434 1832 bonum
1491 1766 1851 1830 charitatis
1898 1775 1972 1831 et
2015 1768 2221 1830 vitae.
2312 1766 2523 1849 Apud
2566 1765 2881 1830 Ezechie-

707 1879 793 1935 m,

741 2001 1022 2054 “educam
1049 2017 1150 2054 vos
1183 2019 1252 2053 ex
1287 2003 1515 2067 populis,
1543 2013 1598 2054 et
1624 2005 1968 2067 congregabo
1996 2017 2095 2054 voa
2122 2017 2155 2053 e
2182 2004 2381 2062 terris..
2466 2012 2543 2054 ,et
2564 2003 2759 2052 ducam
2784 2017 2882 2052 vos

907 2069 961 2118 in
981 2071 1251 2120 desertum
1279 2070 1614 2132 populorum,
1633 2078 1690 2120 et
1706 2069 2016 2132 disceptabo
2034 2070 2107 2119 ibi
2126 2069 2403 2118 vobiscum
2424 2069 2590 2118 {acies
2609 2070 2679 2118 ad
2704 2069 2883 2125 iacies.

905 2135 1357 2262 Ruemadmodum
1392 2136 1689 2197 disceptavi
1724 2148 1847 2184 cum
1884 2135 2125 2198 patribus
2148 2135 2346 2184 vestris
2380 2135 2436 2184 in
2473 2134 2689 2183 deserto
2714 2144 2883 2184 terrae

959 2201 1142 2264 egyti
1309 2211 1436 2250 tunc
1461 2201 1690 2250 transire
1715 2200 1909 2250 faciam
1926 2215 2026 2250 vos
2045 2201 2147 2249 sub
2164 2201 2331 2264 virga.
2357 2208 2409 2248 et
2426 2199 2689 2249 adducam
2708 2213 2807 2250 vos
2832 2200 2884 2248 in

905 2266 1176 2316 vinculum
1201 2265 1478 2316 foedet-iffi
1500 2265 1607 2328 (xx.
1635 2265 1849 2327 34-37);

643 2419 753 2484 hic
785 2441 1053 2504 quoque
1088 2421 1540 2485 “desertum”
1572 2442 1697 2504 pro
1730 2429 1924 2485 statu
1956 2421 2465 2498 tentationum;
2512 2421 2625 2503 qui
2659 2429 2884 2484 status

643 2515 754 2580 hic
792 2525 1077 2579 vocatur
1111 2520 1151 2548 ‘⁶
1173 2515 1520 2580 desertum
1565 2515 2033 2598 populorum‚”
2063 2525 2135 2580 et
2172 2535 2439 2598 quoque
2475 2515 2885 2579 “desertum

645 2619 870 2674 terrae
902 2607 1275 2692 Aegypti‚”
1307 2611 1464 2691 quia
1507 2608 1918 2691 intelligitur
1948 2620 2175 2673 status
2206 2607 2537 2672 naturalis
2593 2607 2886 2673 hominis

643 2713 810 2768 ante
841 2704 1458 2784 regenerationem,
1493 2705 1604 2786 qui
1642 2724 1735 2768 ex
1770 2724 1856 2767 eo
1886 2703 2071 2787 quod
2107 2702 2197 2766 ibi
2236 2721 2371 2766 non
2412 2703 2592 2766 bona
2628 2713 2701 2766 et
2748 2721 2885 2766 non

643 2818 806 2861 vera
838 2807 1022 2872 tunc,
1057 2797 1180 2860 sed
1219 2796 1402 2861 mala
1440 2807 1510 2862 et
1548 2797 1742 2873 falsa,
1777 2807 1884 2862 est
1924 2797 2271 2861 desertum
2308 2805 2381 2860 et
2418 2797 2764 2874 solitudo;
2810 2807 2885 2862 at

644 2891 922 2975 quando
973 2891 1130 2954 inde
1179 2891 1348 2954 salsa
1393 2901 1466 2955 et
1511 2891 1695 2955 mala
1740 2891 2207 2955 exterminata
2253 2899 2434 2964 sunt,
2482 2910 2563 2954 ac
2608 2911 2771 2954 vera
2813 2903 2885 2955 et

644 2986 828 3049 bona
859 2985 1014 3050 loco
1048 3006 1282 3050 eorum
1317 2985 1751 3068 implantata‚
1786 2995 1950 3048 tunc
1984 2983 2060 3048 fit
2100 2983 2214 3048 ille
2244 3005 2335 3048 ex
2368 2984 2646 3050 deserto
2684 2985 2886 3050 Liba·-

647 3099 772 3142 nus
809 3087 881 3144 et
920 3079 1200 3143 hortus:
1257 3079 1703 3162 “disceptare
1740 3097 1893 3142 cum
1942 3079 2076 3142 illis
2121 3079 2189 3142 in
2226 3079 2505 3144 deserto
2550 3079 2753 3142 facies
2798 3080 2887 3144 ad

644 3174 850 3237 facies
867 3173 899 3198 ''
924 3173 1262 3256 significat
1293 3185 1678 3238 monstrare
1710 3174 1841 3237 illis
1866 3174 1953 3239 ad
1981 3175 2207 3236 vivum
2240 3183 2312 3237 et
2343 3173 2432 3238 ad
2464 3175 2888 3255 agnitionem

645 3267 883 3351 quales
927 3277 1110 3340 sunt,
1157 3287 1314 3331 nam
1363 3267 1430 3330 in
1478 3267 1981 3336 tentationibus
2027 3278 2389 3350 emergunt
2436 3277 2509 3332 et
2554 3278 2888 3350 apparent

645 3361 828 3426 mala
865 3373 937 3426 et
976 3361 1146 3426 salsa
1191 3362 1531 3440 hominis;
1582 3363 1847 3426 “facies
1882 3363 1970 3426 ad
2014 3363 2222 3426 facies
2237 3362 2267 3387 '⁹
2297 3371 2407 3426 est
2436 3362 2525 3425 ad
2554 3364 2784 3425 vivum
2814 3372 2889 3424 et

645 3457 733 3520 ad
787 3457 1252 3538 agnitionem:
1324 3456 1509 3539 quod
1563 3465 1929 3539 postquam
1983 3456 2194 3522 homo
2244 3457 2413 3519 dura
2466 3475 2704 3538 passus
2756 3465 2887 3529 est,

647 3549 1035 3632 conjunctio
1078 3549 1199 3614 fiat
1247 3570 1402 3614 cum
1453 3549 1773 3626 Domino,
1808 3571 1981 3633 quae
2027 3561 2134 3614 est
2180 3550 2595 3626 reformatio,
2630 3549 2888 3632 signifi-

649 3656 845 3710 catur
876 3667 996 3728 per
1022 3651 1062 3677 ⁴⁴
1081 3645 1274 3708 Tunc
1313 3645 1604 3714 transire
1626 3664 1753 3707 vos
1784 3643 2027 3707 faciam
2060 3645 2186 3710 sub
2208 3645 2423 3726 virga,
2449 3653 2523 3708 et
2552 3643 2889 3707 adducam

647 3760 773 3803 vos
817 3742 886 3802 in
932 3738 1202 3803 vincula
1247 3738 1540 3802 foederis
1566 3739 1618 3817 ;”
1662 3739 2012 3803 “transire
2054 3738 2278 3802 facere
2324 3739 2450 3801 sub
2494 3739 2687 3821 virga
2703 3737 2735 3763 ’⁹
2780 3748 2887 3802 est

649 3833 818 3898 dura
883 3835 1051 3918 pati,
1113 3844 1184 3898 et
1251 3832 1653 3897 “vinculum
1711 3833 2003 3898 foederis
2021 3830 2053 3859 ”
2112 3844 2222 3898 est
2288 3829 2678 3914 conjunctio
2737 3851 2891 3898 cum

651 3927 970 3992 Domino.
1063 3927 1274 4011 Apud
1304 3927 1699 4004 Hosclteam,

750 4069 1040 4122 “visitabo
1067 4086 1230 4135 super
1259 4071 1405 4121 illam
1434 4071 1549 4122 dies
1576 4071 1854 4132 baalium„
1941 4071 2158 4135 ,quibus
2188 4071 2284 4122 ivit
2319 4079 2443 4135 post
2466 4071 2706 4122 amasios
2732 4085 2892 4130 suos:

986 4147 1328 4200 ..propterea
1345 4151 1490 4188 ecce.
1511 4137 1827 4190 ..deducam
1847 4133 1881 4177 1¹
1866 4133 2039 4188 ¹lvon
2026 4151 2081 4186 ιιι
2104 4138 2393 4196 desertum
2411 4146 2468 4188 et
2490 4146 2684 4200 postea
2708 4139 2895 4202 loquar

914 4217 1074 4266 super
1097 4217 1190 4252 cor
1224 4202 1358 4266 ejus.
1381 4212 1436 4253 et
1459 4204 1600 4252 dabo
1625 4203 1701 4252 illi
1725 4203 1911 4253 vineas
1939 4203 2058 4266 ejus
2092 4203 2234 4262 inde,
2258 4212 2315 4252 et
2340 4202 2537 4252 vallem
2566 4201 2803 4254 Achoris
2838 4205 2893 4253 in

914 4268 1112 4318 ostium
1141 4269 1272 4331 spei,
1296 4277 1350 4318 et
1378 4269 1725 4332 respondebit
1754 4269 1861 4318 illic
1892 4267 2046 4332 juxta
2078 4269 2193 4318 dies
2230 4267 2626 4318 adolescentiae
2662 4283 2811 4328 suae.
2842 4277 2894 4318 et

914 4333 1066 4396 iuxta
1099 4334 1214 4383 dies
1247 4335 1539 4384 ascendere
1570 4334 1691 4398 ejus
1724 4349 1757 4384 e
1790 4343 1934 4384 terra
1959 4333 2228 4397 Aegypti;
2268 4342 2325 4384 et
2358 4334 2413 4382 in
2446 4333 2537 4384 die
2572 4333 2691 4384 illo.
2710 4371 2759 4385 ..
2779 4349 2897 4386 .vo-

915 4399 1314 4526 egb-1186)Mante
1359 4399 1450 4460 mi,
1490 4408 1546 4450 et
1589 4414 1703 4449 non
1742 4399 1959 4450 vocabis
1998 4399 2231 4462 amplius
2279 4397 2567 4458 Me.Baa1
2606 4399 2730 4450 mi”
2768 4397 2831 4464 (1⁰³
2830 4397 2895 4450 lii.

653 4627 775 4691 per
805 4612 842 4642 “
860 4606 1094 4673 baales
1117 4607 1146 4630 ”
1173 4618 1242 4673 et
1273 4606 1687 4685 “amasi03‚”
1711 4617 1869 4691 post
1902 4627 2073 4692 quos
2104 4609 2251 4685 ivit,
2280 4605 2753 4691 significantur
2778 4606 2895 4690 illa
