3259 5384
624 633 793 718 2156
1244 644 1745 698 APOCALYPSIS
1791 645 2244 698 EXPLICATA.

623 819 958 882 rationem
1002 837 1121 900 per
1173 835 1443 882 sensum
1490 815 1769 898 ‚litterae
1815 816 2046 892 Verbi,
2095 827 2167 882 et
2221 838 2340 899 per
2390 816 2457 880 id
2505 814 2865 880 falsificant

623 913 835 989 illum,
882 911 1351 975 describantur
1403 930 1524 991 per
1572 911 1919 975 “bestiam
1971 931 2010 976 e
2065 920 2246 975 terra
2297 911 2788 975 ascendentem
2815 908 2868 988 ;”

626 1009 809 1090 quod
856 1007 951 1069 ita
998 1007 1106 1080 sit,
1155 1003 1355 1086 plene
1400 1004 1611 1068 videri
1658 1013 1889 1086 potest
1933 1025 1976 1068 a
2019 1005 2476 1086 descriptione
2524 1005 2868 1087 utriusque

626 1101 694 1164 in
724 1100 1185 1184 sequentibus.
1276 1096 1480 1180 Quod
1516 1099 1869 1163 ratiocinia
1903 1119 1942 1162 e
1981 1099 2269 1163 naturali
2301 1099 2576 1162 homine
2609 1099 2870 1166 intrent

626 1193 693 1257 in
732 1194 1061 1275 dogmata
1097 1211 1329 1256 eorum
1367 1193 1479 1276 qui
1514 1191 1720 1256 fidem
1757 1191 2010 1256 faciunt
2049 1193 2318 1256 unicum
2357 1193 2653 1256 medium
2683 1191 2868 1255 salu·

625 1290 733 1364 tis,
773 1290 869 1354 ita
914 1289 1133 1370 ipsum
1182 1288 1549 1352 essentiale
1586 1288 1941 1365 ecclesiae,
1979 1307 2058 1352 ac
2104 1288 2200 1352 sic
2245 1287 2431 1352 illam
2477 1309 2518 1350 a
2563 1287 2706 1350 vita
2750 1305 2870 1350 seu

625 1407 666 1449 a
701 1385 1059 1459 charitate,
1098 1403 1301 1465 quam
1348 1402 1485 1446 non
1523 1393 1910 1466 agnoscunt
1950 1392 2027 1447 ut
2063 1383 2302 1446 salutis
2339 1382 2637 1445 medium
2675 1401 2754 1444 ac
2795 1389 2870 1444 ut

626 1476 989 1542 essentiale
1021 1477 1373 1552 ecclesiae,
1414 1486 1755 1558 separant,
1791 1494 2027 1560 parum
2058 1476 2294 1540 vident
2331 1485 2402 1539 et
2439 1474 2596 1539 inde
2635 1491 2870 1556 parum

626 1573 845 1636 sciunt
900 1570 1185 1635 clientes
1240 1569 1379 1651 ejus
1438 1590 1517 1636 ae
1571 1567 1778 1647 docti,
1833 1591 1924 1634 ex
1986 1590 2190 1634 causa
2241 1569 2398 1653 quia
2450 1569 2872 1651 cogitatione

626 1667 983 1731 inhaerent
1028 1665 1195 1728 locis
1232 1664 1464 1739 Verbi,
1506 1683 1625 1746 per
1669 1683 1842 1748 quae
1887 1663 2330 1740 confirmant3
2387 1673 2457 1728 et
2504 1663 2661 1746 quia
2705 1660 2876 1725 falsa

629 1771 806 1833 sunt,
848 1779 1018 1842 quae
1064 1779 1154 1821 ex
1200 1777 1403 1821 sensu
1441 1757 1654 1822 Verbi
1701 1757 1963 1833 ultime,
2011 1757 2124 1841 qui
2169 1768 2276 1821 est
2323 1777 2562 1822 sensus
2599 1756 2870 1820 litterae

629 1854 861 1930 Verbi,
900 1850 1327 1928 confirmant,
1368 1871 1724 1916 necessum
1769 1863 1876 1916 est
1921 1862 1997 1917 ut
2041 1853 2394 1918 ratiocinia
2437 1872 2528 1915 ex
2577 1849 2870 1914 naturali

629 1949 905 2011 homine
942 1948 1345 2024 desumant3
1402 1965 1559 2009 nam
1596 1945 1854 2029 absque
1890 1946 2022 2009 illis
2057 1946 2472 2028 impossibile
2508 1955 2616 2009 est
2655 1945 2873 2008 facere

632 2055 703 2104 ut
738 2041 912 2106 salsa
940 2049 1316 2121 appareant
1346 2041 1521 2103 sicut
1551 2059 1750 2102 vera:
1799 2039 1920 2103 sed
1955 2040 2084 2104 hoc
2122 2039 2498 2103 illustretur
2528 2037 2874 2120 exemplo.

632 2135 731 2200 Ut
768 2145 1118 2217 separetur
1151 2134 1297 2196 vita
1332 2153 1451 2196 seu
1486 2133 1782 2197 charitas
1819 2154 1860 2197 a
1897 2132 2053 2209 fide,
2096 2134 2353 2209 dicunt,

738 2267 823 2335 (i.)
876 2265 1055 2338 Quod
1094 2281 1201 2336 per
1222 2265 1453 2348 lapsum
1483 2263 1703 2319 Adami
1731 2281 1910 2320 omne
1935 2265 2188 2320 liberum
2215 2264 2470 2321 faciendi
2499 2266 2726 2321 bonurn
2751 2281 2790 2320 a
2811 2280 2876 2320 se

631 2337 1009 2408 deperditum
1036 2337 1146 2400 sit;
1181 2345 1245 2391 et
1270 2335 1391 2418 [ii.],
1419 2335 1581 2405 quod
1624 2335 1763 2391 inde
1797 2336 1878 2390 sit
1915 2336 2077 2406 quod
2107 2335 2292 2391 homo
2319 2335 2660 2392 nullatenus
2687 2333 2876 2406 possit

634 2407 880 2478 implere
906 2408 1131 2478 legem;
1169 2417 1232 2460 et
1258 2405 1402 2476 [iii.]‚
1430 2407 1658 2476 absque
1685 2406 2034 2476 impletione
2059 2405 2208 2477 legis
2233 2406 2400 2460 nulla
2421 2407 2612 2462 salus:
2647 2417 2712 2461 et
2735 2405 2873 2476 [iv]-

632 2478 794 2548 quod
824 2477 1119 2532 Dominus
1146 2477 1207 2531 in
1235 2477 1525 2530 mundum
1554 2476 1788 2531 venerit
1809 2486 1879 2531 ut
1905 2476 2180 2546 impleret
2203 2477 2415 2549 legem,
2441 2487 2504 2531 et
2533 2477 2622 2532 sic
2645 2477 2878 2547 justitia

632 2560 696 2604 et
734 2549 1010 2604 meritum
1052 2546 1247 2618 Ipsius
1284 2546 1684 2616 imputaretur
1708 2546 1956 2608 homini,
1982 2557 2045 2602 et
2081 2563 2188 2630 per
2213 2547 2674 2618 imputationem
2714 2547 2872 2602 illam

633 2619 818 2674 bomo
842 2618 1076 2674 solutus
1100 2628 1260 2672 esset
1296 2633 1333 2671 a
1354 2617 1501 2688 jugo
1527 2617 1694 2688 legis,
1723 2633 1910 2688 usque
1937 2627 2006 2671 ut
2041 2617 2190 2670 mhil
2217 2633 2354 2672 eum
2381 2619 2774 2682 condemnet:
2815 2625 2878 2672 et

633 2689 751 2812 ΕΜ,
788 2689 950 2760 quod
991 2688 1449 2758 imputationem
1492 2687 1688 2742 meriti
1735 2687 1980 2743 Domini
2016 2687 2271 2758 accipiat
2314 2689 2499 2743 homo
2543 2704 2652 2760 per
2685 2687 2874 2744 solam

676 2761 833 2822 dem,
860 2770 923 2814 et
948 2759 1097 2814 nihil
1124 2775 1230 2829 per
1254 2773 1453 2829 opera.

638 2889 843 2972 Quod
902 2890 1221 2973 pleraque
1279 2889 1447 2953 haec
1506 2889 1645 2954 sint
1703 2888 2053 2954 ratiocinia
2110 2910 2200 2953 ex
2259 2888 2550 2954 naturali
2604 2891 2878 2954 homine

636 2982 1107 3049 confirmantia
1152 2984 1550 3066 principium
1596 2993 1873 3064 captum
1925 2983 2012 3046 de
2065 2983 2212 3047 sola
2263 2983 2415 3059 fide,
2464 2994 2536 3048 et
2583 3004 2877 3049 connec-

638 3081 856 3143 tentia
880 3080 1279 3160 principiata
1310 3077 1470 3160 ejuS,
1498 3088 1813 3142 constare
1847 3088 2077 3159 potest
2102 3099 2192 3142 ex
2217 3079 2622 3143 lustratione
2647 3081 2878 3164 singu-

639 3174 855 3238 lorum
891 3175 959 3236 in
999 3193 1121 3236 suo
1159 3174 1393 3236 ordine
1418 3171 1627 3237 :—Ut

768 3267 869 3349 (i.)
936 3266 1132 3345 Quod
1155 3275 1288 3347 per
1328 3266 1593 3348 lapsum
1643 3264 1912 3329 Adami
1955 3265 2232 3330 liberum
2274 3266 2660 3344 arbitrium,
2709 3267 2890 3351 quod

639 3371 739 3424 est
800 3359 1079 3424 liberum
1120 3360 1430 3442 facisndi
1482 3361 1718 3424 bonum
1781 3381 1826 3424 a
1889 3381 1981 3436 se,
2043 3360 2456 3444 deperditum
2519 3362 2616 3425 sit
2635 3363 2880 3428 .·—hoc

639 3455 1063 3519 ratiocinium
1110 3465 1217 3518 est
1262 3476 1351 3519 ex
1397 3454 1602 3531 falsis,
1653 3454 1936 3518 liberum
1982 3456 2162 3519 enim
2207 3455 2494 3521 faciendi
2539 3457 2797 3521 bonum
2841 3477 2880 3520 a

639 3569 735 3624 se,
770 3559 877 3616 est
914 3549 1079 3611 nulli
1116 3549 1392 3624 homini,
1428 3567 1551 3612 nec
1589 3557 1823 3630 potest
1862 3567 2010 3612 esse
2047 3548 2286 3628 alicui;
2335 3570 2493 3613 nam
2529 3550 2741 3615 homo
2777 3560 2884 3616 est

644 3643 850 3707 modo
908 3645 1276 3725 recipiens;
1345 3663 1551 3725 quare
1612 3643 1866 3706 bonum
1925 3643 2109 3726 quod
2169 3645 2374 3707 homo
2429 3647 2686 3726 recipit,
2746 3665 2882 3710 non

642 3747 750 3800 est
781 3737 1071 3800 hominis
1104 3737 1224 3800 sed
1259 3729 1532 3800 Domini
1564 3735 1746 3818 apud
1777 3734 1987 3799 illum.
2078 3737 2298 3802 Immo
2331 3758 2457 3802 nec
2483 3739 2748 3820 angelis
2779 3749 2884 3804 est

642 3831 895 3895 bonum
933 3833 1056 3894 nisi
1094 3851 1136 3895 a
1171 3830 1469 3894 Domino
1499 3852 1517 3910 ;
1562 3841 1635 3894 et
1671 3850 1808 3913 quo
1845 3830 1996 3912 plus
2033 3843 2416 3913 agnoscunt
2454 3834 2521 3895 id
2559 3843 2630 3897 et
2667 3834 2882 3915 perci-

644 3928 836 4008 piunt
882 3927 970 4003 id,
1012 3947 1096 3990 eo
1142 3926 1291 4008 plus
1338 3924 1564 4007 angeli
1609 3936 1791 4002 sunt,
1830 3926 1959 3991 hoc
2006 3938 2134 4002 est,
2176 3929 2553 4010 superiores
2589 3937 2660 3991 et
2703 3927 2883 4010 sapi·

645 4022 941 4085 entiores
986 4021 1274 4104 reliquis.
1365 4019 1472 4083 Eo
1518 4019 1737 4084 minus
1782 4021 2005 4102 potuit
2050 4020 2383 4097 AdamuS,
2424 4023 2536 4106 qui
2581 4022 2884 4086 nondum

647 4115 768 4178 suit
805 4115 1112 4197 angelus,
1154 4116 1219 4178 in
1258 4124 1444 4179 statu
1482 4114 1643 4178 boni
1683 4135 1723 4178 a
1768 4134 1840 4178 se
1877 4134 2045 4179 esse.
2137 4115 2506 4197 Integritas
2543 4113 2682 4198 ejus
2717 4134 2882 4180 con·

648 4211 919 4274 stiterat
956 4211 1023 4273 in
1061 4210 1361 4292 pleniore
1400 4210 1789 4291 receptione
1827 4208 1987 4274 boni
2024 4219 2095 4274 et
2134 4211 2294 4285 veri,
2332 4220 2402 4274 et
2435 4210 2592 4274 inde
2629 4210 2882 4274 intelli-

647 4305 924 4385 gentiae
969 4315 1040 4370 et
1088 4305 1461 4387 sapientiae
1505 4325 1546 4368 a
1598 4304 1918 4381 Domin0,
1968 4324 2170 4388 quam
2215 4303 2356 4386 ejus
2401 4304 2693 4387 posteri;
2757 4305 2884 4370 hoc

647 4397 853 4462 etiam
879 4408 1025 4463 erat
1057 4400 1286 4480 imago
1318 4399 1486 4477 Dei3
1532 4417 1694 4462 nam
1718 4399 1946 4481 imago
1970 4397 2045 4463 fit
2077 4400 2188 4482 qui
2219 4401 2456 4481 recipit
2491 4399 2879 4474 Dominum,

649 4503 721 4558 et
757 4503 1026 4557 tantum
1064 4495 1293 4574 imago
1330 4491 1403 4556 fit
1442 4502 1770 4576 quantum
1807 4493 2064 4574 recipit.
2153 4493 2408 4569 Verb0,
2450 4492 2733 4558 liberum
2777 4500 2883 4556 est

649 4588 867 4652 facere
905 4588 1157 4652 bonum
1194 4607 1235 4650 a
1273 4585 1590 4664 Domino,
1625 4595 1697 4652 et
1734 4607 2003 4652 servum
2034 4597 2140 4651 est
2171 4587 2389 4652 facere
2427 4587 2679 4652 bonum
2715 4607 2758 4652 a
2790 4605 2880 4651 se.
