3259 5384
951 699 1112 750 cAP.
1148 697 1332 761 xm..
1367 697 1574 749 vens.
1605 683 1831 748 6.-Ν.
1863 682 2117 767 799[b].
2290 745 2297 756 ,
2480 698 2652 766 2229

399 869 586 951 ignis
601 867 636 894 ’'
659 870 745 932 de
777 870 1161 933 vastatione
1187 869 1366 942 boni,
1401 867 1590 932 “filia
1621 867 1895 932 Zionis”
1918 866 2257 950 significat
2289 867 2647 932 ecclesiam

399 982 580 1045 quae
615 964 684 1026 in
717 960 1068 1027 affeetione
1098 963 1237 1027 veri
1267 983 1357 1026 ex
1391 971 1619 1026 amore
1652 963 1810 1026 boni
1842 972 1968 1025 est.
2056 961 2263 1044 Apud
2296 961 2647 1038 Davidem,

648 1097 802 1146 “Soli
827 1097 1005 1160 posuit
1030 1096 1429 1146 tabernaculum
1453 1093 1554 1144 in”
1581 1095 1881 1156 caelis,(Ps.
1907 1095 2014 1145 xix.
2041 1106 2067 1156 5
2098 1093 2190 1160 [Β.
2212 1097 2281 1146 Α.
2305 1092 2414 1160 4]):

399 1247 524 1308 per
553 1233 598 1259 “
617 1227 835 1290 solem
856 1227 885 1251 ”
908 1228 1000 1290 ibi
1031 1226 1432 1308 intelligitur
1465 1226 1797 1290 Dominus
1827 1226 2050 1309 quoad
2084 1225 2405 1289 Divinum
2430 1225 2651 1291 Amo·

395 1340 549 1385 rem
581 1342 598 1398 ;
650 1322 803 1403 quia
833 1321 898 1383 in
931 1321 1115 1384 bono
1145 1321 1390 1384 amoris
1423 1321 1520 1383 sui
1551 1319 1820 1384 habitat
1852 1321 1919 1383 in
1952 1319 2175 1394 caeliS,
2203 1319 2359 1383 ideo
2382 1320 2646 1395 dicitur,

403 1413 617 1479 “Soli
659 1416 878 1496 posuit
917 1413 1428 1478 tabernaculum
1465 1415 1532 1476 in
1571 1413 1775 1492 caelis
1800 1413 1853 1492 ;”
1902 1413 2477 1478 “tabernaculum
2494 1413 2524 1439 ’'
2559 1413 2652 1478 ibi

397 1518 510 1572 est
551 1508 822 1572 caelum
863 1509 1134 1572 Domini
1171 1529 1262 1571 ex
1301 1508 1484 1572 bono
1519 1509 1788 1572 amoris.
1878 1506 2086 1590 Apud
2124 1509 2437 1584 eundem,

503 1639 824 1706 “jehovah.
844 1678 856 1689 .
877 1641 1220 1691 ‚altissimum
1251 1641 1476 1704 posuisti
1503 1640 1860 1690 babitaculum
1898 1649 2062 1698 tuum,
2092 1655 2203 1690 non
2240 1641 2473 1691 incurret
2507 1641 2563 1690 in
2598 1651 2653 1692 te

681 1705 894 1782 mulum,
919 1714 975 1830 e)t
1001 1705 1162 1768 plaga
1189 1721 1298 1755 non
1327 1707 1777 1770 appropinquabit
1797 1706 1869 1756 ad
1891 1706 2297 1756 tabernaculum
2326 1715 2476 1756 tuum
2494 1705 2523 1726 ”
2542 1705 2653 1769 (Pa.

680 1785 776 1820 xci.
800 1786 846 1833 9,
873 1783 938 1820 10
974 1788 986 1821 ε

397 1923 525 1984 per
569 1902 1094 1966 “habitaculum
1129 1902 1474 1984 Jehovae’'
1510 1912 1582 1966 et
1623 1922 1743 1984 per
1783 1902 2349 1967 “tabernaculum
2389 1902 2607 1985 Ipsius
2623 1903 2653 1928 ’⁹

399 1995 835 2078 significatur
870 1998 1132 2060 caelum
1171 2007 1242 2062 et
1287 1996 1596 2072 ecelesia,
1636 2016 1755 2078 per
1796 1996 2356 2060 “habitaculum”
2392 1996 2653 2061 caelum

398 2103 472 2154 et
522 2091 821 2154 ecclesia
856 2091 1078 2173 quoad
1124 2112 1301 2167 vera,
1343 2101 1414 2154 et
1459 2112 1576 2172 per
1617 2097 1657 2122 ‘⁴
1681 2090 2193 2155 tabernaculum
2210 2089 2239 2114 '’
2275 2091 2536 2155 caelum
2582 2100 2655 2155 et

399 2184 706 2248 ecclesia
735 2185 958 2266 quoad
991 2186 1171 2250 bona
1201 2206 1217 2263 ;
1262 2186 1552 2248 remotio
1583 2194 1654 2248 et
1694 2185 1945 2247 tutatio
1980 2205 2021 2248 a
2058 2183 2252 2247 malis
2290 2193 2358 2248 et
2397 2206 2437 2248 a
2472 2183 2655 2248 salsis

399 2279 592 2353 mali,
649 2277 1066 2360 significatur
1119 2299 1238 2360 per
1289 2279 1469 2360 quod
1521 2278 1981 2341 “altissimum
2035 2279 2334 2359 posuerit
2385 2278 2654 2342 habita-

398 2373 643 2438 culum
681 2392 892 2448 suum,
934 2391 1072 2436 non
1109 2373 1400 2436 incurret
1441 2371 1715 2446 malum,
1755 2381 1829 2436 et
1866 2391 2003 2435 non
2050 2371 2255 2454 plaga
2290 2373 2654 2454 appropin-

399 2464 709 2549 quabit.”
796 2464 1006 2546 Apud
1044 2465 1358 2539 eundem,
1744 2497 1747 2501 ²

506 2603 538 2624 ‘⁸
555 2599 771 2728 Em&
798 2609 851 2713 tj
878 2599 1298 2728 {thbernaculm
1325 2609 1382 2649 et
1409 2599 1703 2649 eradicabit
1728 2606 1782 2648 te
1808 2613 1840 2648 e
1869 2608 2013 2649 terra
2032 2599 2328 2650 viventium
2343 2599 2373 2620 ”
2394 2597 2507 2662 (Ps.
2530 2599 2603 2651 lii.
2627 2611 2659 2662 7

1305 2755 1328 2776 ,

398 2799 580 2860 haec
622 2795 712 2858 de
750 2796 950 2877 Doeg
989 2795 1352 2859 Edomita:
1402 2794 1582 2878 quod
1614 2795 1939 2878 expulsus
1971 2797 2099 2860 erit
2136 2797 2225 2860 ab
2254 2799 2437 2861 omni
2474 2796 2658 2861 bono

399 2890 768 2962 ecclesiae,
796 2887 1209 2971 significatur
1233 2909 1354 2970 per
1378 2893 1420 2922 ‘⁶
1439 2887 1713 2952 Evellet
1745 2899 1817 2952 te
1847 2911 1885 2954 e
1918 2890 2361 2955 tabernaculo
2388 2891 2440 2970 ;”
2476 2893 2658 2974 quod

399 2987 626 3049 etiam
675 3003 716 3046 a
758 2985 932 3046 veris
975 2983 1325 3057 ecclesiae,
1377 2982 1793 3064 significatur
1838 3003 1957 3065 per
2003 2984 2457 3049 “Eradicabit
2504 2995 2573 3050 te
2618 3007 2657 3050 e

400 3089 602 3142 terra
629 3077 995 3140 viventium
1021 3077 1072 3154 ;”
1112 3083 1152 3110 “
1171 3087 1351 3140 terra
1367 3076 1396 3102 ”
1421 3087 1525 3141 est
1552 3076 1859 3151 ecclesia,
1888 3087 1960 3142 et
1989 3083 2027 3110 ‘⁸
2046 3079 2353 3142 viventes
2371 3078 2401 3104 ''
2425 3080 2659 3141 dicun-

399 3183 518 3236 tur
559 3171 674 3252 qui
708 3171 771 3232 in
809 3171 984 3233 veris
1021 3192 1110 3233 ex
1149 3171 1330 3234 bono
1367 3180 1545 3234 sunt.
1636 3171 1761 3234 Per
1796 3171 2365 3234 “tabernaculum
2382 3172 2412 3196 ”
2443 3174 2656 3255 signi·

399 3265 662 3328 fleatur
698 3263 984 3326 ecclesia
1021 3263 1244 3346 quoad
1290 3264 1562 3338 bonum,
1603 3284 1721 3326 seu
1768 3264 2019 3327 bonum
2058 3265 2405 3340 ecelesiae,
2446 3268 2654 3331 etiam

400 3362 471 3421 in
515 3358 964 3439 sequentibus
1005 3357 1170 3421 locis
1195 3379 1300 3420 :—

525 3491 694 3556 Quod
715 3490 958 3555 Jehovah
984 3492 1222 3554 posuerit
1245 3492 1647 3542 tabernaculum
1674 3493 1729 3541 in
1756 3493 1933 3542 medio
1959 3493 2185 3552 illorum,
2209 3493 2576 3545 ambulaturus
2600 3493 2657 3546 in

689 3557 865 3605 medio
891 3557 1118 3614 illorum,
1145 3566 1202 3605 ut
1224 3567 1368 3606 esset
1391 3558 1496 3606 illis
1521 3557 1574 3606 in
1604 3557 1777 3607 Deum
1807 3557 1988 3618 (Levit.
2014 3559 2154 3608 xxvi.
2184 3571 2259 3616 11,
2290 3559 2401 3622 12);

401 3673 550 3736 hoc
592 3669 767 3733 inter
803 3666 1316 3733 benedietiones
1352 3679 1520 3734 erat.

533 3791 828 3855 Postquam
856 3791 1120 3840 Dominus
1146 3791 1559 3843 transformatus
1582 3803 1665 3843 est
1689 3808 1868 3843 coram
1892 3793 2066 3853 Petro,
2086 3793 2295 3858 Jacobo
2314 3804 2369 3844 et
2390 3794 2659 3859 Johanne‚

687 3857 819 3906 dixit
851 3856 1056 3916 Petrus,
1087 3859 1115 3880 ‘¹
1135 3857 1382 3916 Domine,
1411 3860 1613 3908 bonurn
1643 3869 1727 3908 est
1756 3872 1857 3908 nos
1891 3859 1977 3908 hic
2004 3874 2156 3918 esse;
2197 3860 2243 3908 si
2272 3861 2370 3919 vis,
2400 3860 2657 3910 faciamus

689 3921 773 3970 hic
808 3923 910 3971 tria
944 3922 1299 3982 tabernacula,
1330 3921 1453 3972 Tibi
1486 3937 1669 3982 unum,
1700 3933 1754 3972 et
1790 3923 1931 3973 Mosi
1964 3939 2145 3984 unum,
2173 3935 2229 3974 et
2266 3925 2413 3974 Eliae
2446 3923 2659 3975 unum”

687 3987 900 4047 (Mattk.
925 3987 1048 4036 xvii.
1071 4001 1135 4047 43
1170 3989 1337 4036 Marc.
1362 3988 1431 4036 ix.
1460 3999 1484 4048 5
1507 4001 1518 4043 ς
1553 3987 1679 4038 Luc.
1706 3988 1773 4038 ix.
1801 3985 1969 4049 1⁸l33);

519 4051 767 4101 “Audivi
791 4066 979 4102 vocem
1005 4067 1258 4114 magnam
1281 4067 1314 4102 e
1336 4053 1486 4102 caelo
1510 4053 1795 4113 dicentem,
1825 4053 1961 4104 Ecce
1984 4055 2387 4105 tabernaculum
2412 4054 2513 4104 Dei
2538 4069 2657 4105 cum

688 4117 1010 4175 hominibus,
1036 4117 1123 4180 qui
1148 4117 1407 4167 habitabit
1432 4132 1551 4166 cum
1577 4119 1683 4167 illis
1699 4117 1727 4138 ’⁹
1752 4121 1923 4182 (Apoc.
1948 4119 2054 4169 xxi.
2082 4119 2163 4181 3);

519 4179 821 4231 “Deseruit
854 4183 1142 4231 tentorium
1181 4182 1486 4242 Schiluntis,
1521 4185 1939 4243 tabernaculum,
1975 4185 2030 4233 in
2071 4199 2179 4249 quo
2217 4183 2481 4236 habitavit
2518 4185 2659 4236 inter

688 4247 936 4296 homines
951 4246 979 4265 ’⁹
1003 4245 1220 4306 (Psalm.
1246 4248 1442 4298 lxxviii.
1467 4248 1553 4309 60)
1573 4263 1586 4306 ;

522 4315 556 4336 ⁸⁴
571 4311 893 4374 Repudiavit
916 4312 1205 4360 tentorium
1230 4311 1451 4376 Josephi
1469 4311 1498 4331 ''
1521 4313 1737 4372 (psalm.
1763 4313 1962 4364 lxxviii.
1987 4313 2086 4378 67).

409 4444 634 4529 Quod
676 4445 1102 4507 “tentorium
1117 4444 1147 4470 ’'
1185 4443 1520 4526 significet
1555 4445 1915 4509 ecelesiam
1952 4447 2175 4529 quoad
2211 4467 2373 4511 vera
2408 4445 2657 4511 doetri-

409 4559 578 4612 nae,
617 4547 894 4602 constat
939 4557 1030 4600 ex
1078 4537 1243 4601 locis
1267 4539 1357 4601 in
1402 4537 1637 4603 Verbo
1682 4540 1793 4602 ubi
1832 4541 2259 4604 “tentorium
2276 4541 2306 4566 '’
2341 4549 2414 4605 et
2454 4545 2661 4605 “ten-

411 4630 645 4699 toria”
682 4631 998 4694 dicuntur
