3259 5384
658 672 820 757 1976
1269 685 1771 740 APOCALYPSIS
1816 687 2268 740 amnem-A.

768 867 960 937 720.
1019 853 1140 916 ‘et
1165 853 1432 937 profecit
1465 853 1610 918 illas
1650 853 1711 916 in
1748 853 2339 936 tomm.''-Quod
2380 853 2727 938 significet
2763 877 2880 920 ex·

643 945 1054 1008 stz‘nt'ltbnem
1066 955 1132 1008 et
1145 945 1653 1010 destruc‘h'onem
1670 945 1965 1022 illarum,
1982 957 2257 1010 constat
2278 967 2367 1011 ex
2389 945 2881 1029 significatione

649 1043 690 1071 “
706 1040 1026 1121 projicere
1045 1041 1113 1102 in
1133 1039 1443 1115 terram,”
1462 1058 1616 1104 cum
1635 1041 1722 1104 de
1740 1046 1781 1074 “
1796 1040 2081 1116 stellis,”.
2096 1061 2215 1123 per
2232 1061 2399 1122 quas
2420 1039 2883 1122 significantur

645 1134 1070 1214 cognitiones
1107 1135 1246 1197 veri
1289 1143 1362 1197 et
1407 1134 1568 1198 boni
1611 1155 1705 1198 ex
1743 1133 2001 1210 Verbo,
2038 1135 2134 1198 sic
2179 1135 2525 1207 veritates,
2564 1134 2749 1217 quod
2792 1136 2883 1200 sit

643 1226 794 1291 illas
825 1229 1265 1310 exstinguere
1297 1238 1368 1293 et
1404 1230 1775 1305 destruere,
1810 1230 2129 1311 quoniam
2160 1249 2322 1292 vera
2351 1229 2885 1310 exstinguuntur

644 1331 715 1384 et
751 1322 1190 1386 destruuntur
1225 1323 1498 1405 quando
1530 1321 1971 1387 falsificantur
1998 1332 2071 1388 et
2114 1320 2605 1386 adulterantur.
2696 1321 2883 1386 Vera

642 1414 995 1479 falsificata
1019 1427 1092 1480 et
1121 1416 1508 1480 adulterata
1532 1427 1691 1480 sunt
1714 1416 1885 1481 salsa
1908 1437 2067 1499 prae
2098 1415 2282 1479 falsis
2305 1437 2397 1478 ex
2422 1415 2555 1479 alia
2578 1416 2839 1496 origine
2862 1436 2879 1493 ;

643 1529 804 1572 nam
836 1508 1004 1572 falsa
1037 1529 1125 1573 ex
1166 1510 1299 1575 alia
1327 1511 1586 1593 origine
1625 1529 1763 1573 non
1802 1511 1899 1574 ita
1927 1510 2381 1592 exstinguunt
2414 1519 2485 1573 et
2522 1510 2882 1573 destruunt

645 1618 827 1678 vera,
867 1604 1037 1666 dant
1083 1605 1264 1666 enim
1308 1604 1599 1686 aliquem
1647 1604 1871 1667 locum
1917 1604 2093 1668 veris
2137 1605 2205 1666 in
2250 1623 2324 1666 se
2372 1603 2481 1667 vel
2521 1603 2725 1684 juxta
2768 1623 2879 1666 se:

644 1717 763 1780 per
807 1697 975 1760 falsa
1027 1719 1116 1761 ex
1171 1697 1303 1762 alia
1345 1699 1606 1779 origine
1653 1697 2131 1780 intelliguntur
2175 1699 2532 1780 praecipue
2578 1697 2747 1760 falsa
2789 1718 2879 1760 ex

644 1793 1052 1874 ignorantia,
1101 1812 1192 1854 ex
1236 1790 1540 1866 fallaciiS,
1586 1801 1659 1854 et
1703 1812 1793 1854 ex
1838 1791 2167 1874 religione
2212 1791 2393 1872 apud
2438 1791 2593 1854 illos
2638 1791 2879 1873 quibus

645 1906 782 1950 non
841 1896 947 1949 est
1008 1885 1334 1949 Verbum.
1443 1883 1809 1949 Sciendum
1875 1895 1982 1949 est
2048 1886 2230 1968 quod
2278 1881 2463 1948 “lillis
2524 1885 2635 1967 qui
2702 1884 2879 1948 male

641 1983 900 2056 vivunt,
941 1990 1012 2042 et
1057 1999 1268 2064 usque
1312 1979 1546 2043 dicunt
1592 1999 1666 2042 se
1712 1979 1960 2042 salvari.
2000 1980 2157 2061 quia
2192 1978 2395 2042 fidem
2440 1978 2723 2053 habent,
2760 1979 2875 2042 vix

641 2073 914 2156 aliquod
974 2075 1341 2155 genuinum
1399 2093 1632 2136 verum
1692 2074 1801 2148 sit,
1862 2083 2206 2157 utcunque
2264 2073 2456 2156 plura
2518 2093 2611 2136 ex
2678 2093 2879 2138 sensu

641 2167 909 2232 litterae
955 2169 1177 2231 sciunt
1223 2177 1294 2230 et
1339 2166 1788 2248 depromunt3
1842 2187 2081 2231 sensus
2126 2167 2307 2230 enim
2353 2166 2625 2231 litterae
2670 2167 2880 2232 Verbi

643 2260 798 2325 talis
842 2271 970 2336 est,
1012 2272 1085 2324 ut
1133 2262 1187 2324 si
1232 2281 1373 2323 non
1412 2262 1696 2324 interius
1740 2261 2379 2342 comprehendatur,
2428 2261 2879 2327 diversimode

641 2355 969 2436 explicari
1023 2355 1278 2436 possit3
1338 2363 1410 2418 et
1457 2355 1512 2418 si
1560 2353 1675 2418 ille
1722 2373 1959 2418 sensus
2008 2374 2145 2418 non
2197 2376 2289 2418 ex
2330 2356 2655 2437 ⁴genuinis
2707 2357 2879 2418 veris

640 2446 1007 2530 spectatur,
1037 2448 1331 2512 creditur
1353 2449 1725 2513 secundum
1750 2448 2071 2524 litteram,
2097 2459 2169 2513 et
2200 2447 2615 2524 falsificatur,
2638 2469 2877 2513 secun·

640 2542 800 2605 dum
821 2543 949 2606 :illa
979 2561 1150 2624 quae
1180 2542 1246 2605 in
1281 2561 1444 2605 mox
1477 2542 1931 2624 praecedente
1954 2541 2241 2606 articulo
2273 2561 2391 2624 per
2421 2545 2879 2624 comparatio·

639 2653 797 2698 nem
835 2636 922 2700 de
954 2636 1114 2699 solis
1145 2636 1617 2718 progressione
1654 2644 1729 2700 et
1763 2634 2068 2700 statione
2096 2645 2375 2700 ostensa
2406 2646 2585 2700 sunt.
2676 2635 2877 2718 Quod

637 2731 754 2791 vix
793 2729 1065 2812 aliquod
1099 2731 1469 2811 genuinum
1504 2748 1737 2793 verum
1772 2728 1903 2794 illis
1940 2730 2049 2804 sit,
2090 2738 2514 2810 compertum
2552 2740 2660 2793 est
2698 2730 2877 2811 apud

639 2823 968 2906 quosdam
1008 2825 1074 2886 in
1112 2823 1366 2886 mundo
1403 2822 1752 2904 spirituali,
1790 2823 1904 2905 qui
1944 2822 2161 2886 solam
2192 2821 2395 2886 fidem
2432 2823 2877 2886 confirmave-

639 2927 794 2980 runt
848 2915 1160 2981 doctrina
1207 2928 1277 2982 et
1331 2917 1493 2991 vita,
1549 2917 1733 2999 quod
1785 2936 1869 2982 ne
1922 2916 2195 2998 quidem
2248 2935 2453 2979 unum
2507 2919 2874 2998 genuinum

636 3031 871 3074 verum
917 3013 1236 3075 sciverint
1288 3021 1360 3075 et
1419 3011 1871 3093 agnoverint;
1932 3009 2161 3092 angeli
2211 3009 2279 3072 id
2337 3009 2872 3091 exploraverunt

639 3113 712 3168 et
771 3107 992 3168 mirati
1051 3115 1230 3168 sunt.
1343 3104 1512 3168 Inde
1572 3105 1791 3186 patuit
1850 3103 2032 3185 quod
2085 3124 2247 3167 vera
2289 3100 2499 3167 Verbi
2558 3105 2738 3185 apud
2798 3125 2871 3168 se

637 3201 1098 3264 exstinxerInt
1145 3208 1216 3263 et
1261 3196 1747 3262 destruxerint.
1838 3197 1993 3262 Hoc
2032 3199 2259 3280 itaque
2296 3195 2715 3280 significatur
2759 3218 2876 3281 per

636 3295 818 3379 quod
849 3299 888 3328 ‘⁸
913 3296 1117 3357 draco
1141 3293 1360 3358 cauda
1382 3311 1504 3356 sua
1524 3292 1907 3356 detraxerit
1931 3293 2205 3356 tertiam
2230 3301 2495 3372 partem
2522 3292 2872 3356 stellarum

637 3390 826 3465 caeli,
874 3399 946 3452 et
1001 3387 1356 3470 projecerit
1401 3385 1552 3450 illas
1601 3387 1673 3449 in
1726 3395 1979 3450 terram
2001 3384 2054 3465 ;”
2104 3387 2282 3452 sicut
2324 3387 2543 3450 etiam
2592 3387 2873 3450 “hircus

639 3501 989 3565 caprarum
1009 3482 1040 3508 ”
1077 3480 1256 3563 apud
1293 3479 1661 3556 Danielem,

736 3615 920 3666 Cornu
947 3615 1078 3664 hirci
1107 3627 1386 3677 caprarum
1418 3613 1630 3662 “crevit
1657 3627 1825 3676 usque
1852 3611 1921 3662 ad
1954 3612 2249 3662 exercitum
2278 3612 2565 3671 caelorum,
2592 3621 2650 3662 et
2680 3612 2879 3676 dejecit

896 3681 952 3730 in
977 3692 1174 3729 terram
1192 3681 1262 3730 de
1285 3679 1536 3736 exercitu,
1555 3687 1609 3727 et
1625 3679 1693 3727 de
1712 3677 1899 3736 stellis,
1918 3687 1973 3728 et
1990 3677 2325 3728 conculcavit
2340 3692 2409 3728 ea
2424 3691 2463 3738 ;.
2482 3713 2496 3728 .
2514 3714 2529 3728 .
2548 3687 2626 3728 ,et
2648 3679 2877 3741 proiecit

897 3747 1176 3795 veritatem
1201 3746 1256 3793 in
1287 3755 1482 3794 terram
1500 3742 1528 3762 '⁹
1556 3743 1685 3804 (viii.
1712 3755 1789 3802 10,
1818 3743 1928 3804 12):

635 3899 754 3962 per
783 3883 822 3911 “
839 3879 1219 3941 exercitum
1252 3874 1596 3944 caelorum
1611 3875 1641 3900 ’⁹
1664 3873 2139 3958 intelliguntur
2159 3877 2389 3940 omnia
2410 3895 2571 3940 vera
2594 3886 2669 3940 et
2694 3876 2875 3941 bona

636 3972 806 4037 caeli
843 3982 914 4035 et
953 3971 1300 4034 ecclesiae.

731 4106 938 4172 (Simile
962 4105 1290 4168 significatur
1313 4118 1410 4168 per
1431 4103 1616 4156 stellas
1640 4117 1777 4168 quae
1801 4103 1995 4153 cadent
2016 4103 2084 4154 de
2107 4103 2273 4163 caelo,
2298 4103 2494 4153 Matth.
2520 4103 2661 4154 xxiv.
2686 4099 2846 4168 Μῦς.)
2960 4153 2983 4180 .

753 4246 1055 4331 721[a].
1114 4246 1235 4310 “ft
1269 4245 1466 4309 dmoo
1495 4243 1677 4309 nom
1712 4261 1927 4308 comm
1956 4244 2215 4310 multoe-o
2250 4245 2463 4310 furum
2497 4246 2878 4326 panno?—

638 4339 839 4422 Quod
866 4337 1200 4422 significet
1225 4337 1448 4402 odium
1466 4337 1736 4401 illorum
1760 4336 1882 4419 qui
1888 4344 2019 4418 per
2038 4337 2429 4402 “draconem
2442 4336 2474 4363 ”
2492 4338 2873 4420 intellig-un-

635 4445 767 4510 tur,
805 4445 1034 4496 contra
1071 4433 1402 4496 ecclesiam
1435 4431 1630 4513 apud
1660 4430 1814 4495 illos
1848 4430 1970 4513 qui
1998 4431 2070 4496 in
2102 4431 2409 4496 dollrina
2443 4442 2510 4495 et
2542 4431 2697 4496 inde
2728 4433 2875 4496 vita

634 4529 890 4593 amoris
913 4539 976 4592 et
997 4527 1360 4591 charitatis
1379 4547 1422 4591 a
1439 4525 1723 4590 Domino
1738 4535 1951 4602 erunt,
1970 4536 2245 4591 constat
2265 4547 2355 4590 ex
2374 4527 2873 4609 significatione

640 4622 1065 4698 “draconiS,’'
1104 4622 1285 4706 quod
1323 4623 1458 4686 sint
1497 4621 1610 4706 qui
1655 4621 1723 4684 in
1762 4621 2045 4686 scientia
2081 4623 2550 4705 cognitionum
2597 4622 2736 4686 veri
2783 4643 2873 4687 ex
