3259 5384
678 571 726 660 ‘2
742 597 857 677 178
1310 607 1809 660 APOCALYPSIS
1855 608 2306 660 EXPLICATA.

686 788 755 840 et
794 777 1152 856 voluntas;
1199 787 1430 860 potest
1474 779 1656 841 enim
1701 779 1906 842 homo
1951 779 2254 860 cogitare
2300 777 2518 843 multa
2561 799 2722 861 quae
2765 797 2882 840 non

683 872 853 946 vult,
888 881 959 936 et
995 873 1175 954 quod
1214 873 1359 935 vult
1396 873 1525 936 hoc
1565 875 1827 954 cogitat
1865 893 2018 936 cum
2051 873 2176 936 sibi
2207 873 2332 936 soli
2363 871 2633 936 relictus
2665 883 2781 946 est,
2815 893 2885 935 ac

684 966 862 1028 velle
899 975 1004 1029 est
1043 966 1298 1029 facere:
1345 967 1664 1030 voluntas
1701 969 1909 1031 etiam
1945 977 2017 1030 et
2055 967 2213 1030 inde
2248 969 2580 1049 cogitatio
2623 978 2723 1031 est
2761 970 2886 1048 ipsc

686 1060 915 1136 homo,
964 1070 1033 1123 et
1080 1079 1216 1123 non
1264 1063 1595 1143 cogitatio
1641 1073 1993 1142 separata3
2047 1081 2126 1125 ac
2172 1059 2347 1125 facta
2389 1072 2465 1125 et
2510 1081 2710 1143 opera
2749 1073 2887 1125 sunt

684 1154 1061 1218 voluntatis
1091 1164 1161 1218 et
1194 1155 1349 1218 inde
1380 1157 1839 1236 cogitationis,
1865 1166 1938 1218 at
1971 1155 2116 1220 sola
2147 1153 2314 1220 fides
2345 1165 2451 1220 est
2484 1157 2892 1239 cogitationis

687 1259 1043 1331 separatae
1087 1269 1128 1312 a
1170 1247 1363 1312 factis
1400 1259 1470 1312 et
1512 1250 1826 1331 operibus
1864 1270 2034 1331 quae
2081 1260 2239 1314 sunt
2274 1251 2668 1314 voluntatis.
2752 1251 2890 1314 Fal—

686 1341 859 1406 lacia
903 1353 1029 1419 est,
1072 1341 1272 1424 Quod
1310 1341 1476 1406 fides
1521 1345 1898 1425 separanda
1943 1345 2029 1406 sit
2075 1365 2116 1407 a
2161 1344 2354 1407 bonis
2392 1345 2723 1426 operibuS‚
2759 1347 2894 1427 quia

686 1437 894 1501 homo
924 1437 1175 1502 bonum
1213 1457 1251 1499 a
1284 1457 1355 1500 se
1393 1457 1527 1500 non
1562 1447 1791 1519 potest
1821 1438 2061 1513 facere,
2089 1449 2159 1501 et
2191 1439 2244 1500 si
2276 1438 2477 1502 saciat
2503 1439 2682 1521 quod
2707 1451 2893 1522 ponat

686 1527 754 1606 in
786 1550 870 1593 eo
896 1532 1247 1609 meritum3
1284 1551 1437 1594 cum
1460 1541 1693 1610 tamen
1725 1533 1933 1595 homo
1965 1551 2098 1594 non
2132 1532 2386 1595 bonum
2417 1532 2578 1596 facit
2609 1554 2650 1595 a
2678 1554 2768 1608 se,
2792 1533 2894 1596 sed

690 1645 781 1688 ex
831 1623 1147 1702 Domino,
1196 1645 1349 1690 cum
1394 1647 1483 1688 ex
1524 1624 1780 1701 Verbo,
1829 1627 1982 1708 quia
2028 1627 2094 1688 in
2133 1626 2367 1690 Verbo
2412 1637 2519 1691 est
2567 1627 2892 1701 Dominus,

690 1729 761 1782 et
786 1740 1050 1802 quoque
1083 1720 1414 1783 Dominus
1446 1731 1550 1784 est
1577 1719 1880 1784 Verbum
1908 1743 1923 1798 ;
1963 1731 2032 1785 et
2065 1731 2226 1785 tunc
2260 1722 2470 1785 homo
2501 1743 2636 1786 non
2667 1723 2894 1786 bonum

688 1813 846 1877 facit
894 1834 933 1877 a
978 1835 1071 1888 se,
1121 1833 1274 1877 cum
1322 1813 1479 1877 facit
1525 1815 1697 1878 sicut
1744 1834 1784 1877 a
1829 1835 1922 1891 se,
1971 1825 2041 1878 et
2089 1835 2297 1897 usque
2343 1816 2562 1880 credit
2607 1818 2778 1899 quod
2819 1837 2896 1880 ex

689 1905 1007 1983 Domine,
1043 1908 1197 1989 quia
1232 1927 1323 1970 ex
1364 1907 1636 1986 Verbo;
1683 1919 1753 1970 et
1791 1910 1945 1990 quia
1981 1909 2196 1972 credit
2234 1910 2412 1990 quod
2449 1909 2704 1974 bonum
2739 1910 2897 1992 quod

688 2003 849 2066 facit
896 2003 981 2064 sit
1027 2022 1069 2064 a
1115 2001 1430 2076 Domine,
1479 2021 1616 2065 non
1665 2013 1896 2082 potest
1940 2004 2007 2065 in
2053 2000 2245 2066 factis
2291 2005 2606 2066 meritum
2653 2024 2896 2086 ponere.

690 2096 992 2159 Fallacia
1016 2106 1143 2170 est,
1172 2093 1375 2176 Quod
1400 2094 1785 2160 intellectus
1811 2097 2256 2177 captivandus
2280 2098 2366 2159 sit
2387 2098 2513 2160 sub
2537 2098 2900 2161 obedientia

688 2189 865 2266 fidei,
905 2200 974 2252 et
1012 2189 1193 2271 quod
1226 2189 1392 2252 fides
1430 2191 1571 2253 visa
1606 2188 1959 2254 intellectu
2007 2209 2142 2253 non
2187 2192 2276 2253 sit
2306 2190 2473 2253 fides
2519 2191 2897 2272 spiritualis;

690 2304 843 2347 cum
877 2293 1109 2346 tamen
1143 2280 1529 2346 intellectus
1560 2294 1666 2348 est
1699 2285 1808 2369 qui
1841 2284 2216 2348 illustratur
2245 2285 2312 2346 in
2345 2277 2546 2347 rebtis
2585 2284 2734 2348 fidei
2764 2303 2897 2348 cum

690 2377 938 2459 legitur
972 2376 1298 2451 Verbum,
1331 2387 1401 2441 et
1433 2375 1820 2441 intellectus
1851 2379 1939 2440 ab
1968 2377 2418 2441 illustratione
2448 2378 2749 2441 seclusus
2779 2397 2899 2441 non

692 2475 819 2536 scit
859 2491 1017 2534 num
1049 2491 1279 2534 verum
1311 2473 1397 2535 sit
1428 2472 1536 2534 vel
1570 2491 1730 2534 num
1763 2472 2041 2534 falsum:
2091 2472 2247 2534 inde
2279 2471 2444 2535 fides
2483 2491 2608 2535 nec
2645 2471 2720 2536 fit
2754 2471 2900 2534 fides

690 2567 917 2647 ipsiu5‚
946 2565 1065 2628 sed
1098 2565 1265 2628 fides
1296 2566 1571 2629 alterius
1602 2567 1668 2628 in
1703 2587 1814 2644 se;
1855 2587 2024 2648 quae
2057 2565 2223 2629 fides
2254 2577 2359 2628 est
2385 2565 2552 2629 fides
2583 2567 2899 2639 historica,

691 2670 762 2723 et
800 2679 953 2722 cum
990 2658 1425 2723 confirmatur
1461 2659 1537 2722 fit
1573 2659 1742 2722 fides
1780 2661 2186 2742 persuasiva,
2227 2679 2398 2741 quae
2437 2670 2669 2740 potest
2701 2659 2904 2722 videre

691 2753 859 2817 salsa
895 2763 968 2817 ut
1005 2774 1184 2828 vera,
1218 2773 1294 2816 ac
1328 2774 1487 2817 vera
1524 2765 1597 2816 ut
1635 2754 1842 2832 falsa3
1889 2754 2046 2817 inde
2081 2765 2190 2817 est
2221 2752 2390 2816 fides
2426 2756 2728 2818 omnium
2761 2755 2904 2817 hae·

692 2849 957 2910 resium.
1070 2846 1371 2910 Fallacia
1428 2858 1556 2922 est,
1620 2846 1822 2928 Quod
1882 2847 2144 2923 fiducia,
2201 2867 2370 2929 quae
2418 2859 2707 2911 vocatur
2759 2847 2904 2912 fides

693 2940 985 3016 salvans,
1020 2951 1223 3022 capta
1253 2941 1504 3024 absque
1537 2940 1910 3017 intellectu,
1939 2943 2026 3005 sit
2059 2941 2300 3005 fiducia
2331 2941 2735 3022 spiritualis;
2770 2961 2904 3006 cum

692 3045 924 3098 tamen
963 3033 1206 3098 fiducia
1250 3035 1502 3116 absque
1548 3033 1902 3099 intellectu
1946 3045 2052 3099 est
2092 3037 2435 3116 persuasio
2479 3056 2572 3099 ex
2617 3036 2770 3111 alio,
2805 3044 2908 3098 aut

692 3149 781 3192 ex
817 3129 1330 3193 confirmatione
1362 3147 1481 3210 per
1512 3128 1661 3192 loca
1687 3129 1898 3192 Verbi
1929 3130 2034 3193 hic
2067 3139 2138 3192 et
2171 3129 2262 3192 ibi
2291 3131 2576 3210 sparsim
2612 3127 2903 3203 collecta,

693 3233 762 3287 et
802 3243 919 3306 per
956 3223 1307 3286 ratiocinia
1342 3243 1431 3286 ex
1480 3223 1768 3286 naturali
1813 3223 2085 3286 homine
2130 3223 2302 3286 salso
2339 3224 2667 3304 principio
2710 3223 2904 3305 appli-

694 3328 889 3394 cata3
937 3317 1094 3379 talis
1126 3315 1367 3379 fiducia
1399 3337 1603 3380 caeca
1632 3315 1800 3380 fides
1833 3328 1962 3392 est,
1997 3337 2169 3399 quae
2202 3318 2355 3398 quia
2386 3336 2520 3380 non
2548 3317 2736 3381 videt
2767 3333 2907 3379 num

693 3431 927 3474 verum
960 3414 1049 3474 sit
1087 3421 1205 3475 aut
1242 3411 1510 3486 falsum,
1548 3421 1658 3475 est
1695 3432 1880 3475 mere
1917 3413 2290 3476 naturalis:
2329 3423 2691 3494 praeterea
2726 3431 2907 3476 omne

692 3525 929 3568 verum
961 3505 1109 3569 vult
1139 3505 1376 3579 videri,
1409 3507 1565 3586 quia
1602 3515 1708 3569 est
1746 3505 1916 3568 lucis
1947 3505 2120 3569 caeli
2146 3527 2161 3583 ;
2207 3515 2282 3569 at
2304 3525 2540 3568 verum
2571 3507 2754 3588 quod
2785 3523 2904 3566 non

691 3600 988 3675 videtur,
1022 3608 1257 3680 potest
1296 3599 1531 3662 multis
1565 3598 1928 3673 falsificari,
1962 3608 2035 3662 et
2070 3617 2306 3662 verum
2349 3598 2781 3663 falsificatum
2814 3608 2908 3661 est

693 3693 961 3756 falsum.
1060 3692 1271 3756 Tales
1336 3703 1497 3757 sunt
1564 3692 1881 3755 fallaciae
1943 3693 2381 3756 solummodo
2438 3694 2668 3774 quoad
2725 3692 2908 3755 fidem

692 3798 1085 3870 separatam
1111 3809 1152 3849 a
1175 3787 1374 3851 bonis
1399 3787 1738 3869 operibus.
1823 3787 2001 3851 Sunt
2024 3787 2248 3850 adhuc
2271 3786 2524 3869 plureS,
2552 3807 2694 3851 non
2717 3785 2906 3850 modo

693 3882 921 3964 quoad
957 3880 1183 3957 fidem,
1222 3881 1345 3944 sed
1383 3881 1589 3945 etiam
1622 3880 1848 3963 quoad
1881 3881 2066 3964 bona
2101 3901 2332 3964 opera,
2359 3881 2587 3963 quoad
2623 3881 2908 3944 charita·

695 3985 837 4040 tem
889 3985 961 4039 et
1006 3975 1232 4058 quoad
1284 3976 1700 4058 proximum,
1745 3974 2078 4056 imprimis
2129 3974 2356 4056 quoad
2408 3973 2908 4055 conjunfitiones

693 4069 965 4132 illorum
1000 4087 1153 4130 cum
1190 4067 1322 4131 fide
1352 4069 1442 4132 ab
1466 4069 1752 4131 eruditis
1782 4067 2148 4132 artificiose
2179 4067 2653 4131 concinnatas,
2727 4064 2911 4149 Quod

694 4163 874 4226 tales
916 4161 1232 4225 fallaciae
1268 4161 1743 4244 significentur
1777 4181 1897 4243 per
1938 4161 2208 4244 “pedes
2245 4159 2442 4236 ursi,”
2477 4171 2584 4225 est
2621 4163 2776 4243 quia
2805 4175 2911 4242 per

698 4263 739 4290 ‘⁴
758 4275 985 4318 ursum
1004 4255 1037 4280 ’²
1068 4254 1538 4337 significantur
1567 4254 1665 4319 illi
1696 4256 1808 4337 qui
1838 4255 1906 4318 in
1933 4255 2248 4337 potentia
2277 4273 2368 4317 ex
2399 4254 2698 4318 naturali
2729 4271 2910 4318 sensu

694 4344 910 4414 Verbi
956 4359 1141 4426 sunt,
1187 4359 1331 4414 tam
1375 4349 1571 4431 probi
1612 4367 1818 4431 quam
1864 4349 2071 4427 mali;
2129 4358 2203 4411 et
2246 4349 2404 4430 quia
2446 4367 2568 4430 per
2614 4342 2910 4430 “pedes'’

693 4443 1171 4526 significantur
1212 4445 1575 4520 naturalia,
1622 4444 1780 4506 ideo
1823 4464 1947 4526 per
1992 4444 2264 4526 “pedes
2315 4442 2496 4506 ursi”
2541 4441 2908 4525 significan·

694 4548 805 4604 tur
846 4538 1182 4616 fallaciae,
1228 4557 1319 4600 ex
1363 4539 1607 4620 quibus
1658 4557 1783 4620 per
1825 4538 2186 4602 ratiocinia
2235 4536 2603 4601 falsificant
2651 4549 2903 4600 sensum
