3259 5384
864 693 1026 744 cu.
1059 693 1236 757 x1v.‚
1270 693 1478 745 vens,
1521 693 1778 763 15.—-N.
1810 697 1887 764 91
1906 679 2052 765 1[c].
2406 697 2574 766 2457

335 865 516 930 ferae
538 864 594 944 ;''
657 875 806 930 tum
858 887 980 949 per
1035 870 1410 930 “acervum
1464 866 1719 930 messis·
1766 866 1839 930 in
1894 865 2004 933 die
2065 866 2574 950 possessionis,''

335 980 584 1043 nempe
637 960 820 1042 quod
873 980 1010 1024 non
1064 960 1218 1043 plus
1267 979 1472 1043 quam
1525 981 1697 1024 unus
1748 981 2053 1036 acervus,
2101 981 2307 1044 quare
2359 963 2573 1026 etiam

333 1055 582 1118 dicitur
608 1060 648 1088 ‘⁴
666 1054 864 1118 dolor
887 1055 1290 1136 desperatus
1314 1053 1366 1132 ;’'
1403 1055 1561 1118 inde
1587 1064 1783 1137 patet
1808 1056 1991 1137 quod
2024 1075 2145 1138 per
2172 1061 2525 1120 “messem
2541 1055 2573 1080 ”

335 1149 427 1212 ibi
463 1147 884 1230 significetur
919 1149 1200 1212 ultimus
1238 1158 1466 1213 status
1501 1149 1873 1214 ecclesiae:
1928 1149 2049 1214 ille
2088 1159 2316 1215 status
2360 1151 2573 1216 etiam

340 1242 763 1326 significatur
792 1263 912 1326 per
939 1243 1258 1320 “mane,'’
1283 1263 1442 1308 nam
1475 1245 1643 1308 dum
1668 1244 1949 1310 ultimus
1980 1256 2207 1309 status
2238 1243 2571 1310 ecclesiae

331 1338 554 1412 adest,
601 1347 767 1401 tune
813 1357 1016 1402 mane
1060 1347 1168 1402 est
1215 1337 1350 1402 illis
1399 1338 1514 1422 qui
1564 1359 1604 1402 e
1658 1359 1841 1402 nova
1883 1338 2177 1403 ecclesia
2221 1347 2443 1412 erunt,
2490 1357 2570 1403 ac

331 1451 618 1513 vespera
653 1442 726 1496 et
772 1451 914 1496 nox
961 1432 1094 1496 illis
1132 1433 1246 1515 qui
1287 1454 1330 1497 a
1371 1434 1592 1497 veteri
1621 1432 1913 1500 ecclesia
1949 1443 2146 1497 sunt:
2204 1434 2387 1516 quod
2432 1433 2567 1498 hoc

331 1525 421 1588 ibi
459 1545 580 1608 per
613 1531 873 1590 “mane
887 1525 918 1552 ’⁹
948 1525 1394 1610 intelligatur,
1428 1537 1709 1594 constat
1746 1548 1839 1592 ex
1875 1547 2073 1591 versu
2110 1523 2354 1591 ultimo
2388 1527 2573 1591 illius

331 1621 598 1702 capitis,
637 1621 750 1684 ubi
787 1621 1053 1698 dicitur,

427 1751 632 1803 “cirea
653 1761 865 1880 §empus
889 1765 1188 1818 vesperae„
1206 1767 1354 1806 ,εεεε
1377 1763 1580 1815 terror:
1613 1763 1903 1820 antequam
1926 1767 2101 1815 mane,
2120 1767 2229 1803 non
2256 1763 2341 1804 est
2355 1753 2385 1774 ”
2406 1752 2569 1817 (vers.

597 1831 659 1880 14
698 1833 712 1880 3

335 1938 376 1967 ‘⁸
395 1933 660 1998 terror''
696 1934 1036 2018 significat
1080 1935 1390 2000 exitium.
1442 1967 1448 1976 ·
1479 1933 1693 2017 Apud
1730 1933 2011 2010 Joelm,

429 2069 460 2092 ‘⁸
475 2063 753 2117 Pudefae’ci
771 2077 898 2118 nunt
914 2067 1199 2130 agricolae,
1217 2067 1487 2130 eiularunt
1505 2067 1781 2126 vinitores.
1802 2081 1964 2131 super
1986 2068 2163 2118 tritico
2184 2075 2239 2117 et
2260 2081 2424 2131 super
2444 2067 2572 2118 hor·

594 2134 714 2194 deo,
737 2147 806 2184 εο
827 2135 972 2197 quod
995 2134 1211 2198 perierit
1233 2134 1428 2184 messis
1447 2132 1606 2197 agri’·
1629 2134 1684 2196 (i.
1712 2135 1819 2196 τηε
2128 2155 2137 2163 ·

330 2267 724 2331 devastatio
759 2264 1090 2330 ecclesiae
1126 2265 1354 2348 quoad
1397 2265 1651 2329 bonum
1699 2275 1771 2329 et
1818 2265 2042 2349 quoad
2080 2284 2314 2329 verum
2360 2264 2569 2329 intel-

333 2361 568 2443 ligitur
611 2381 734 2442 per
775 2359 958 2442 quod
1007 2361 1338 2442 “perierit
1385 2361 1624 2424 messis
1671 2361 1817 2442 agri
1842 2359 1897 2436 ;'’
1950 2380 2072 2442 per
2120 2360 2516 2441 “agricolas
2534 2359 2567 2384 ”

327 2453 809 2536 intelliguntur
853 2453 964 2536 qui
1008 2453 1076 2517 in
1116 2453 1306 2516 bono
1352 2453 1685 2518 ecclesiae
1731 2463 1912 2530 sunt,
1962 2473 2081 2536 per
2129 2455 2516 2517 “vinitores
2538 2453 2569 2478 ”

331 2549 429 2612 illi
483 2549 598 2630 qui
648 2550 716 2611 in
763 2549 938 2612 veris
984 2547 1166 2629 ejus;
1226 2569 1346 2630 per
1394 2547 1757 2612 “triticum
1804 2558 1877 2613 et
1921 2547 2300 2612 hordeum”
2345 2549 2567 2630 ipsum

334 2644 592 2708 bonum
623 2652 694 2706 et
718 2661 992 2722 verum3
1039 2641 1236 2706 dolor
1261 2651 1540 2725 propter
1563 2642 2115 2708 devastationem
2149 2642 2569 2726 significatur

330 2758 451 2821 per
487 2738 670 2820 quod
712 2735 1109 2820 “pudefafiti
1146 2737 1281 2810 sint
1322 2747 1393 2802 et
1432 2735 1805 2819 ejularint.”

455 2828 580 2913 [0.]
628 2827 832 2910 Quod
859 2849 981 2912 per
1007 2835 1047 2863 “
1065 2847 1362 2892 messem
1379 2828 1412 2853 ”
1436 2828 1719 2892 ultimus
1743 2837 1969 2893 status
1991 2829 2327 2893 ecclesiae
2352 2828 2568 2912 signi-

333 2919 597 2997 ficetur,
632 2931 740 2984 est
771 2923 928 3005 quia
957 2941 1078 3004 per
1103 2919 1632 2996 “frumentum,”
1656 2920 1841 3004 quod
1870 2928 1978 2984 est
2012 2923 2274 2997 messiS‚
2310 2921 2566 3004 signifi-

334 3025 532 3078 catur
561 3015 814 3079 bonum
847 3025 919 3079 et
952 3015 1109 3079 inde
1140 3034 1373 3078 verum
1405 3013 1761 3090 ecclesiae,
1796 3023 1867 3078 et
1901 3034 2020 3096 per
2048 3016 2388 3095 “agrum”
2420 3017 2567 3099 ipsa

331 3108 662 3188 ecclesia3
718 3110 898 3192 quod
944 3131 1064 3193 per
1100 3111 1328 3172 omnia
1365 3129 1538 3192 quae
1581 3109 1974 3188 nutritionis
2013 3108 2341 3186 naturalis
2380 3120 2561 3186 sunt,

331 3204 509 3266 sicut
562 3224 683 3286 per
738 3203 1156 3279 “triticum,”
1205 3203 1654 3278 “hordeum,”
1703 3201 2049 3278 “oleum‚”
2100 3202 2447 3276 “vinum,”
2493 3212 2565 3267 et

331 3295 547 3378 plura,
589 3297 1056 3380 significentur
1101 3297 1266 3360 talia
1311 3318 1484 3380 quae
1531 3297 1922 3361 nutritionis
1968 3296 2337 3379 spiritualis
2378 3307 2561 3373 sunt,

333 3411 534 3474 supra
559 3391 797 3456 multis
827 3393 894 3454 in
926 3390 1095 3456 locis
1126 3401 1480 3455 ostensum
1511 3400 1620 3456 est
1646 3412 1663 3470 ;
1710 3401 1783 3456 et
1820 3391 1939 3454 illa
1969 3412 2149 3474 quae,
2174 3391 2566 3454 nutritionis

333 3485 698 3569 spiritualis
736 3495 917 3562 sunt,
957 3487 1025 3550 in
1061 3505 1314 3568 genere
1352 3507 1424 3549 se
1463 3486 1760 3550 referunt
1797 3486 1885 3549 ad
1930 3485 2185 3548 bonum
2223 3494 2293 3549 et
2333 3504 2565 3549 verum

332 3591 404 3644 et
464 3579 734 3643 illorum
793 3581 1248 3663 cognitione3‚
1310 3581 1409 3644 ita
1474 3580 1561 3644 ad
1623 3578 2003 3644 doCtrinam
2065 3591 2137 3644 et
2204 3581 2291 3643 ad
2352 3581 2569 3644 vitam

330 3673 703 3738 secundum
738 3673 928 3738 illas:
977 3675 1135 3739 inde
1172 3675 1417 3739 dicitur
1452 3674 1630 3762 apud
1670 3675 2065 3751 Jeremiam,

429 3820 582 3872 Gen·
613 3835 645 3870 e
679 3820 977 3884 longinquo
1004 3821 1292 3872 “comedet
1327 3833 1560 3870 messem
1596 3828 1749 3870 tuam
1784 3828 1844 3870 et
1888 3833 2082 3883 panem
2124 3827 2289 3877 tuum.
2323 3818 2573 3870 comedet

595 3885 734 3935 filios
759 3897 880 3936 tuos
907 3895 962 3936 et
987 3885 1123 3936 filias
1151 3895 1286 3942 tuan.
1309 3886 1557 3934 comedet
1575 3899 1800 3948 gregem
1826 3895 1975 3934 tuum
1996 3896 2055 3936 et
2074 3896 2378 3934 armentum
2403 3893 2570 3942 tuum,

594 3953 841 4002 comedet
862 3951 1028 4000 vitem
1053 3961 1200 4000 tuam
1225 3959 1278 4000 et
1303 3951 1459 4000 ficum
1485 3960 1649 4009 tuam,
1675 3949 2058 4038 depaueembit
2082 3951 2240 4000 urbes
2269 3949 2573 3999 munimen-

595 4026 770 4066 torum
797 4027 1027 4076 tuorum.
1049 4017 1242 4080 quihus
1263 4025 1326 4066 tu
1347 4015 1641 4076 confidens,
1663 4016 1847 4078 gladio
1914 4017 1985 4077 (v.
2012 4015 2124 4078 17):

331 4180 451 4244 per
491 4163 830 4242 “gentem
867 4181 906 4224 e
944 4157 1321 4242 longinquo
1339 4157 1371 4184 '’
1393 4157 1803 4241 intelligitur
1827 4157 2071 4224 falsum
2102 4156 2262 4222 mali
2298 4157 2569 4223 destru-

332 4275 452 4319 ens
495 4253 622 4338 (“e
661 4253 1032 4336 longinquo
1049 4253 1078 4278 ”
1115 4251 1455 4336 significat
1487 4253 1667 4337 quod
1710 4253 2000 4318 multum
2038 4253 2253 4318 distat
2298 4273 2341 4316 a
2386 4253 2571 4318 bono

331 4359 402 4413 et
448 4345 685 4430 vero);
744 4349 861 4430 ρει·
897 4354 1251 4412 “messem
1305 4357 1377 4412 et
1431 4367 1681 4430 panem
1704 4345 1734 4372 ”
1766 4346 2236 4430 significantur
2280 4367 2443 4412 vera
2494 4357 2569 4412 et

331 4445 514 4508 bona
535 4443 867 4506 ecclesiae
893 4443 1262 4506 nutrientia
1285 4464 1302 4522 ;
1341 4463 1459 4525 per
1487 4449 1526 4475 ‘⁸
1543 4440 1719 4505 filios
1742 4453 1813 4506 et
1840 4440 2011 4505 filias
2028 4441 2058 4467 ”
2083 4443 2325 4507 eadem
2356 4463 2571 4525 gene-

331 4540 556 4603 rantia
578 4559 596 4618 ;
641 4557 761 4620 per
800 4543 1136 4620 “gregem
1183 4547 1256 4602 et
1301 4547 1685 4601 armentum
1702 4535 1735 4564 ’'
1770 4537 1952 4601 bona
1989 4546 2061 4600 et
2101 4557 2261 4601 vera
2297 4537 2571 4620 spiritu-

329 4633 464 4698 alia
509 4651 590 4698 ac
638 4631 1014 4714 naturalia3
1073 4653 1192 4718 per
1232 4633 1500 4697 “vitem
1553 4641 1628 4696 et
1674 4629 1922 4696 ficum’'
1964 4631 2260 4696 ecclesia
2302 4632 2573 4696 interna
