3259 5384
713 642 880 692 2202
1333 635 1839 690 APOCALYPSIS
1884 635 2337 688 EXPLICATA.

714 803 942 889 Quare
1002 806 1352 870 sciendum
1405 816 1536 883 est,
1589 804 1711 889 (1.)
1776 805 1977 888 Quod
2033 807 2391 889 unicuique
2434 804 2693 868 homini
2750 803 2931 868 binae

715 909 984 964 mentes
1044 902 1204 975 sint,
1254 921 1388 964 una
1433 901 1763 965 naturalis
1822 910 1897 964 et
1942 901 2163 964 altera
2206 899 2621 983 spiritualis;
2678 907 2750 962 et
2793 900 2933 980 quia

715 1011 909 1058 mens
941 1005 1048 1059 est
1074 1015 1248 1078 quae
1273 995 1421 1059 vult
1447 1005 1520 1060 et
1551 997 1844 1078 cogitat,
1873 1005 1981 1059 est
2007 1015 2277 1078 quoque
2307 995 2666 1075 unicuique
2692 993 2929 1056 homini

713 1088 1152 1153 voluntas-et
1198 1091 1538 1171 cogitatio
1574 1088 1926 1165 naturalis,
1972 1107 2053 1152 ac
2100 1088 2423 1152 voluntas
2480 1096 2553 1152 et
2614 1087 2933 1168 cogitatio

713 1183 1122 1264 spiritualis;
1173 1202 1366 1246 mens
1411 1183 1743 1248 naturalis
1780 1182 1929 1246 vult
1976 1192 2047 1246 et
2092 1185 2361 1266 cogitat
2409 1184 2587 1246 sicut
2632 1181 2833 1244 homo
2870 1181 2932 1242 in

715 1278 990 1350 munde.
1026 1286 1098 1341 at
1138 1296 1334 1341 mens
1365 1276 1733 1360 spiritualis
1766 1275 1913 1340 vult
1944 1286 2017 1340 et
2055 1279 2321 1358 cogitat
2356 1278 2532 1340 sicut
2568 1275 2847 1357 angelus
2873 1275 2938 1338 in

715 1369 948 1433 caelo:
1009 1371 1168 1434 inde
1215 1373 1519 1454 sequitur
1563 1371 1746 1454 quod
1792 1369 1982 1445 fides,
2032 1373 2186 1453 quia
2240 1378 2350 1434 est
2400 1371 2469 1432 in
2516 1369 2810 1442 homine.
2854 1369 2935 1431 sit

713 1465 925 1528 etiam
972 1464 1302 1528 naturalis
1347 1475 1420 1530 et
1465 1465 1555 1528 sit
1601 1464 2010 1547 spiritualis;
2056 1473 2130 1528 et
2175 1463 2362 1546 quod
2406 1462 2575 1527 fides
2624 1462 2933 1527 naturalis

713 1560 802 1622 sit
825 1561 1196 1623 secundum
1216 1559 1511 1623 hominis
1525 1558 1957 1623 voluntatem
1978 1569 2049 1622 et
2065 1560 2561 1641 cogitationem
2583 1561 2651 1621 in
2674 1557 2933 1630 munde,

713 1663 787 1717 et
818 1655 998 1737 quod
1038 1653 1204 1717 fides
1242 1653 1610 1736 spiritualis
1648 1654 1739 1717 sit
1776 1653 2148 1716 secundum
2182 1653 2620 1716 voluntatem
2658 1661 2731 1715 et
2758 1651 2935 1732 cogi·

717 1750 1054 1811 tationem
1113 1748 1256 1830 ejus
1309 1751 1378 1811 in
1443 1747 1658 1812 caelo,
1750 1746 2016 1810 Dicitur
2071 1746 2423 1810 voluntas*
2454 1757 2525 1810 et
2593 1747 2934 1828 cogitatio,

715 1843 870 1924 quia
907 1843 1157 1918 omnia,
1193 1863 1283 1905 ex
1315 1841 1556 1924 quibus
1586 1841 1797 1904 homo
1834 1850 1942 1905 est
1980 1840 2209 1916 homo,
2252 1861 2327 1903 se
2364 1841 2661 1904 referunt
2698 1841 2787 1907 ad
2818 1840 2939 1903 duo

715 1936 873 2014 illa;
918 1957 1012 2000 vex
1051 1937 1414 2001 voluntate
1459 1937 1643 1999 enim
1679 1935 1864 2010 facit,
1899 1946 1969 2000 et
2009 1955 2099 1999 ex
2144 1937 2571 2016 cogitatione
2620 1934 2936 2017 loquitur:

715 2041 787 2094 et
827 2031 982 2114 quia
1017 2030 1228 2094 homo
1263 2030 1372 2094 vel
1411 2051 1503 2094 ex
1540 2051 1616 2093 se
1653 2030 1762 2094 vel
1808 2051 1901 2094 ex
1940 2029 2093 2094 Deo
2128 2029 2291 2093 facit
2328 2040 2400 2092 et
2440 2028 2759 2110 loquitur,
2800 2028 2941 2092 ideo

716 2124 829 2188 vel
874 2145 965 2188 ex
1013 2143 1086 2189 se
1131 2123 1240 2188 vel
1281 2145 1370 2188 ex
1419 2125 1572 2188 Deo
1615 2125 1765 2188 vult
1817 2132 1892 2188 et
1944 2125 2234 2205 cogitat.
2328 2123 2441 2186 Ex
2500 2123 2609 2192 his
2668 2124 2939 2206 primum

719 2218 930 2301 liquet
957 2219 1138 2302 quod
1171 2219 1373 2282 detur
1397 2217 1566 2282 fides
1596 2217 1927 2281 naturalis
1958 2228 2029 2282 et
2056 2217 2225 2280 fides
2258 2217 2647 2300 spiritualiS,
2676 2227 2749 2280 et
2772 2215 2939 2298 quod

715 2311 885 2376 fides
933 2312 1262 2376 naturalis
1306 2312 1566 2395 absque
1610 2311 1943 2394 spirituali
1990 2313 2079 2376 sit
2124 2313 2435 2392 cogitare
2472 2311 2642 2374 talia
2677 2331 2847 2392 quae
2879 2309 2939 2371 in

718 2405 955 2471 Verbo
986 2417 1146 2470 sunt
1193 2427 1282 2470 ex
1328 2427 1424 2482 se,
1465 2417 1537 2470 et
1573 2407 1757 2488 quod
1796 2405 1963 2469 fides
2001 2405 2331 2469 naturalis
2366 2425 2459 2468 ex
2496 2403 2827 2487 spirituali
2858 2404 2939 2466 sit

719 2503 1027 2582 cogitare
1074 2499 1242 2564 talia
1283 2520 1459 2583 quae
1495 2502 1564 2564 in
1611 2499 1847 2564 Verbo
1893 2510 2053 2564 sunt
2113 2519 2205 2562 ex
2266 2499 2439 2573 Deo,
2488 2501 2767 2564 tametsi
2818 2497 2939 2560 hoc

719 2615 986 2678 quoque
1019 2604 1302 2676 apparet
1330 2594 1589 2658 homini
1613 2595 1790 2658 sicut
1822 2614 1913 2657 ex
1950 2614 2045 2656 se.
2139 2592 2265 2677 (2.)
2328 2591 2671 2673 Quoniam
2699 2592 2942 2655 unicui·

718 2710 850 2772 que
887 2689 1146 2752 homini
1193 2699 1350 2753 sunt
1389 2689 1588 2752 binae
1625 2699 1916 2764 mentes,
1958 2688 2287 2752 naturalis
2331 2698 2405 2752 et
2450 2687 2840 2768 spiritualis,
2874 2695 2939 2752 et

718 2800 912 2846 mens
937 2783 1266 2846 naturalis
1290 2785 1591 2864 aperitur
1613 2793 1685 2846 et
1718 2782 2047 2847 formatur
2071 2801 2190 2863 per
2214 2780 2383 2845 talia
2413 2801 2587 2862 quae
2612 2782 2681 2843 in
2704 2780 2945 2843 mundo

717 2889 898 2952 sunt,
926 2886 999 2941 at
1033 2897 1228 2940 mens
1257 2877 1624 2959 spiritualis
1656 2878 1955 2959 aperitur
1978 2885 2049 2940 et
2081 2875 2410 2939 formatur
2432 2895 2553 2957 per
2584 2875 2753 2939 talia
2780 2893 2941 2957 quae

717 2973 787 3035 in
823 2971 1039 3045 cae10,
1078 2982 1150 3035 et
1190 2973 1346 3054 quia
1391 2971 1508 3034 illa
1544 2991 1719 3054 quae
1754 2973 1823 3034 in
1869 2971 2065 3034 caelo
2100 2980 2260 3033 sunt
2298 2971 2528 3033 omnia
2564 2979 2723 3034 sunt
2762 2969 2941 3052 spiri·

718 3066 952 3142 tualia‚
1011 3067 1172 3130 ideo
1235 3082 1592 3130 necessum
1652 3076 1760 3130 est
1828 3075 1902 3130 ut
1968 3083 2164 3129 mens
2230 3063 2601 3148 spiritualis
2668 3064 2945 3128 hominis

718 3163 1062 3245 aperiatur
1119 3171 1191 3225 et
1251 3161 1579 3224 formetur
1631 3181 1753 3243 per
1810 3159 1929 3224 illa
1973 3180 2149 3242 quae
2212 3161 2281 3223 in
2328 3157 2565 3223 Verbo
2618 3170 2798 3235 sunt,
2844 3158 2943 3222 ubi

717 3258 948 3319 omnia
985 3266 1144 3319 sunt
1192 3254 1588 3337 spiritualia,
1629 3255 1784 3337 quia
1832 3253 2098 3317 Divina.
2192 3253 2271 3315 In
2319 3252 2556 3317 Verbo
2600 3263 2765 3317 sunt
2798 3271 2944 3316 vera

717 3370 891 3433 quae
929 3350 1206 3413 scienda
1250 3357 1322 3413 et
1368 3349 1762 3430 cogitanda,
1804 3356 1874 3411 et
1922 3357 2082 3411 sunt
2120 3347 2301 3412 bona
2337 3366 2513 3430 quae
2548 3347 2843 3413 volenda
2881 3353 2947 3408 et

720 3445 1071 3522 facienda3
1116 3463 1234 3526 per
1264 3442 1438 3506 haec·
1469 3443 1702 3524 itaque
1734 3450 1806 3505 et
1838 3440 1956 3504 illa
1986 3442 2287 3522 aperitur
2308 3450 2379 3504 et
2412 3441 2747 3504 formatur
2770 3457 2943 3504 mens

720 3537 1088 3621 spiritualis
1147 3537 1468 3600 hominis:
1535 3557 1626 3599 ex
1688 3534 1929 3619 quibus
1988 3536 2294 3618 sequitur
2346 3535 2530 3617 quod
2591 3555 2785 3598 mens
2841 3531 2946 3598 illa

718 3633 845 3695 nisi
879 3651 999 3714 per
1033 3651 1193 3694 vera
1231 3640 1302 3694 et
1339 3628 1522 3694 bona
1558 3648 1651 3693 ex
1690 3627 1927 3694 Verbo
1971 3631 2271 3711 aperitur
2304 3638 2378 3692 et
2416 3628 2769 3704 formatur,
2806 3647 2944 3710 per·

717 3735 994 3790 maneat
1027 3726 1299 3802 clausa;
1347 3735 1418 3788 et
1455 3725 1639 3810 quod
1685 3723 1815 3788 hac
1860 3723 2115 3799 clausa,
2156 3743 2349 3786 mens
2386 3723 2723 3788 naturalis
2759 3723 2945 3786 modo

719 3823 1060 3903 aperiatur
1105 3829 1176 3882 et
1212 3820 1542 3882 formetur
1585 3837 1705 3901 per
1748 3817 1917 3882 talia
1961 3837 2135 3900 quae
2192 3819 2261 3880 in
2322 3816 2578 3879 mundo
2643 3826 2823 3891 sunt,
2866 3834 2947 3877 ex

721 3914 962 3997 quibus
1007 3913 1266 3976 homini
1302 3913 1576 3994 quidem
1621 3921 1731 3976 est
1780 3911 2009 3974 lumen
2058 3910 2389 3985 naturale,
2428 3911 2553 3972 sed
2602 3910 2750 3974 tale
2782 3906 2947 3992 quod

719 4005 886 4068 nihil
932 4003 1248 4087 sapit'ex
1307 4006 1521 4070 caelo.
1613 4004 1727 4068 Ex
1782 4004 1887 4068 his
1946 4005 2249 4069 secundo
2306 4003 2523 4086 liquet
2567 4005 2755 4086 quod
2798 4001 2948 4065 fides

721 4120 859 4163 non
891 4102 980 4163 sit
1011 4100 1181 4164 fides
1202 4101 1522 4184 quamdiu
1547 4100 1769 4173 solum
1792 4119 1983 4162 mens
2010 4099 2339 4162 naturalis
2369 4109 2613 4180 aperta
2643 4109 2752 4164 est
2777 4119 2793 4176 ;
2836 4094 2945 4160 sed

719 4198 774 4258 si
799 4197 1137 4277 cogitatio
1162 4196 1343 4279 quod
1369 4197 1466 4260 ita
1485 4197 1574 4260 sit
1601 4196 1850 4260 dicitur
1868 4193 2057 4269 fides,
2082 4195 2265 4278 quod
2286 4195 2375 4257 sit
2407 4191 2577 4257 fides
2602 4192 2940 4262 historica,

719 4309 893 4371 quae
925 4309 1062 4352 non
1101 4291 1284 4353 aliud
1323 4299 1430 4354 est
1467 4309 1673 4372 quam
1719 4291 2028 4362 scientia,
2069 4309 2161 4352 ex
2198 4309 2331 4370 qua
2376 4287 2585 4350 homo
2634 4283 2945 4362 naturalis

723 4385 1010 4466 cogitat.
1103 4383 1228 4468 (3.)
1298 4383 1400 4448 Ut
1445 4397 1641 4447 mens
1686 4384 2056 4465 spiritualis
2100 4384 2443 4464 aperiatur
2486 4391 2560 4445 et
2608 4382 2940 4456 formetur,

717 4497 1073 4542 necessum
1100 4489 1207 4542 est
1231 4487 1307 4542 ut
1333 4479 1394 4542 ei
1421 4478 1956 4560 promptuarium
1982 4479 2095 4551 sit,
2122 4497 2215 4541 ex
2241 4497 2377 4558 quo
2402 4477 2721 4550 desumat
2748 4496 2765 4552 ;
2798 4488 2942 4536 nam

721 4575 846 4637 nisi
870 4575 932 4638 ei
955 4575 1494 4658 promptuarium
1525 4575 1637 4650 sit,
1664 4573 1875 4636 homo
1900 4573 2117 4636 inanis
2142 4582 2271 4647 est,
2301 4582 2372 4635 et
2400 4591 2539 4634 non
2570 4571 2773 4643 datur
2794 4586 2939 4650 oper
