3259 5384
902 721 1062 773 car.
1099 720 1283 785 xm„
1317 721 1524 773 VERs.
1557 708 1783 772 6.—-·N.
1817 707 2069 792 799[b].
2440 722 2605 792 ²²25

476 891 792 955 “Ainplifica
812 892 987 942 locum
1007 893 1336 942 tabernaculi
1358 893 1449 951 tui,
1474 901 1527 941 et
1545 893 1781 942 cortinas
1800 893 2155 942 tentoriorum
2176 901 2387 942 tuorum
2406 907 2610 956 expan-

627 958 770 1018 dant,
799 973 869 1007 ne
903 958 1205 1021 prohibeas,
1235 958 1429 1021 longos
1465 959 1549 1007 fac
1583 958 1741 1007 funes
1776 967 1916 1017 tuos,
1952 969 2007 1007 et
2039 959 2221 1008 clavos
2256 967 2379 1008 tuos
2414 955 2609 1008 firma”

627 1022 734 1084 (liv.
765 1023 816 1084 2)
834 1039 847 1072 :

387 1161 538 1225 haec
572 1163 654 1225 de
683 1163 1010 1239 “sterili,”
1033 1184 1204 1246 quae
1242 1185 1378 1228 non
1413 1174 1789 1246 pepererat,
1825 1185 1945 1246 per
1976 1184 2177 1248 quam
2217 1163 2606 1247 significan-

388 1263 486 1318 tur
516 1265 756 1338 gentes
791 1259 970 1339 apud
1008 1278 1175 1340 quas
1212 1258 1500 1321 ecclesia
1536 1278 1575 1320 a
1615 1259 1911 1322 Domino
1941 1259 2383 1322 instauranda
2414 1269 2561 1322 erat
2584 1278 2611 1322 :-

389 1359 592 1414 status
635 1351 794 1414 boni
839 1354 1086 1414 amoris
1131 1351 1306 1415 illius
1345 1351 1671 1415 ecclesiae
1708 1351 2129 1434 significatur
2165 1372 2284 1433 per
2325 1351 2607 1415 “locum

389 1442 784 1507 tabernaculi
837 1443 1012 1522 tui;”
1057 1454 1128 1508 et
1173 1465 1333 1508 vera
1389 1465 1480 1508 ex
1535 1444 1653 1508 illo
1721 1447 1903 1509 bono
1961 1445 2429 1527 significantur
2487 1466 2608 1526 per

391 1538 724 1600 “cortinas
767 1539 1213 1602 tentoriorum
1261 1549 1529 1602 tuorum
1555 1539 1608 1617 ;’'
1655 1536 2079 1603 fructificatio
2124 1539 2283 1602 boni
2320 1550 2391 1603 et
2430 1539 2605 1602 mula

383 1629 698 1710 tiplicatio
763 1633 899 1695 veri
965 1630 1385 1714 significatur
1449 1653 1568 1714 per
1618 1633 2132 1714 “amplificare”
2177 1644 2249 1696 et
2298 1638 2605 1697 “exten-

383 1723 529 1787 dere
552 1725 602 1804 ;”
647 1745 765 1808 per
805 1726 1100 1790 “funes”
1140 1725 1554 1809 significatur
1599 1725 1983 1808 conjunctio
2030 1727 2319 1804 illorum,
2368 1739 2441 1792 et
2486 1747 2607 1810 per

388 1817 705 1883 ‘fclavos'’
737 1818 1050 1884 firmatio·
1139 1821 1353 1903 Apud
1385 1821 1737 1897 Davidem,

474 1963 692 2014 “Unum
722 1965 852 2027 petii
895 1979 930 2014 a
961 1965 1221 2030 Jehovah‚
1257 1966 1358 2014 hoc
1394 1979 1662 2029 quaeram,
1697 1975 1756 2015 ut
1798 1979 2046 2016 maneam
2082 1968 2136 2016 in
2172 1967 2337 2016 domo
2363 1964 2605 2029 jehovae

626 2031 874 2079 omnibus
902 2031 1092 2080 diebus
1121 2031 1262 2080 vitae
1297 2045 1467 2090 meae,
1496 2032 1564 2080 ad
1593 2031 1886 2080 videndum
1920 2032 2240 2082 suavitatem
2268 2031 2525 2095 Jehovae,
2548 2043 2605 2082 et

626 2095 694 2144 ad
717 2096 1044 2144 visitandum
1063 2110 1221 2145 mane
1248 2097 1506 2159 templum
1533 2096 1711 2158 Ipsius
1734 2111 1746 2154 ;
1782 2098 1908 2160 quia
1928 2098 2221 2154 abscondet
2244 2111 2331 2146 me
2355 2097 2410 2146 in
2430 2106 2604 2146 tento-

627 2160 708 2209 rio
736 2175 835 2210 suo
859 2161 914 2210 in
935 2161 1021 2210 die
1037 2162 1196 2221 male,
1217 2163 1505 2211 occultabit
1517 2176 1603 2211 me
1623 2162 1678 2210 in
1697 2162 1907 2211 occulto
1930 2161 2257 2211 tabernaculi
2268 2163 2367 2220 sui,
2385 2163 2439 2210 in
2454 2172 2606 2224 petra

627 2226 881 2276 exaltabit
904 2225 1034 2275 me”
1059 2227 1172 2288 (Ps.
1196 2227 1357 2276 xxvii.
1381 2241 1429 2287 4,
1462 2228 1540 2288 5):

375 2357 478 2420 hic
535 2357 844 2422 dicuntur
893 2359 1195 2423 “domus
1243 2357 1604 2442 Jehovae,'’
1649 2359 2098 2440 “templum,”
2134 2359 2603 2424 “tentorium'’

378 2463 444 2517 et
481 2453 1047 2517 “tabernaculum
1077 2454 1130 2533 ;”
1165 2465 1237 2518 et
1274 2475 1393 2536 per
1433 2455 1771 2518 “domum
1804 2454 2150 2536 Jehovae”
2187 2455 2603 2536 significatur

377 2547 651 2612 ecclesia
686 2568 856 2630 quae
895 2550 960 2612 in
997 2549 1179 2612 bono
1215 2551 1462 2612 amoris
1506 2550 1573 2612 in
1620 2548 1989 2612 Dominum
2035 2559 2163 2624 est,
2205 2569 2323 2630 per
2364 2555 2601 2614 “tem-

375 2641 595 2724 plum”
630 2641 918 2705 ecclesia
953 2662 1124 2724 quae
1162 2643 1228 2704 in
1266 2644 1440 2705 veris
1483 2663 1574 2706 ex
1613 2643 1733 2706 illo
1769 2643 1974 2718 bon0,
2015 2662 2134 2724 per
2175 2644 2601 2707 “tentorium

371 2735 710 2816 Jehovae”
750 2735 1166 2817 significatur
1203 2736 1524 2800 Divinum
1557 2736 1837 2812 Verum,
1878 2747 1949 2800 et
1986 2756 2106 2817 per
2141 2737 2601 2802 “tabernacu-

374 2830 548 2894 lum'’
585 2831 904 2894 Divinum
939 2831 1217 2894 ‘Bonum
1240 2853 1257 2910 ;
1310 2831 1466 2894 inde
1513 2840 1729 2912 patet,
1770 2831 1951 2913 quod
1997 2849 2117 2910 per
2156 2835 2487 2893 “manere
2533 2832 2601 2894 in

373 2925 568 2990 domo
611 2925 912 3008 Jehovae
966 2926 1278 2989 omnibus
1331 2925 1567 2988 diebus
1605 2925 1845 3000 vitae‚''
1881 2945 2018 2988 non
2062 2923 2487 3006 intelligatur
2528 2926 2597 2988 in

373 3019 568 3084 domo
604 3021 904 3102 Jehovae
949 3039 1244 3094 manere,
1284 3019 1404 3081 sed
1451 3020 1517 3082 in
1565 3019 1748 3082 bono
1785 3020 2031 3082 amoris
2074 3019 2145 3080 in
2190 3017 2601 3097 Dominum;

373 3124 438 3177 et
473 3114 657 3197 quod
701 3135 820 3197 per
861 3115 1190 3177 “visitare
1227 3133 1426 3176 mane
1465 3112 1799 3195 templum
1836 3111 2185 3192 Jehovae”
2223 3132 2358 3174 non
2396 3112 2603 3176 intel-

373 3205 614 3289 ligatur
640 3209 875 3291 quovis
900 3228 1098 3271 mane
1123 3208 1189 3271 id
1216 3209 1510 3282 visitare,
1537 3207 1659 3270 sed
1684 3226 1845 3270 vera
1874 3205 2049 3269 illius
2081 3206 2240 3270 boni
2271 3207 2603 3287 inquirere

371 3311 439 3364 et
473 3303 734 3365 discere
755 3324 772 3379 ;
818 3301 976 3366 inde
1013 3321 1132 3384 per
1165 3302 1645 3366 “abscondere
1690 3303 1755 3363 in
1802 3301 2101 3363 tentorio
2117 3299 2147 3323 '’
2184 3299 2601 3381 significatur

372 3405 598 3460 tenere
637 3396 704 3459 in
743 3396 992 3460 Divino
1023 3396 1229 3471 Vero,
1265 3405 1335 3459 et
1373 3396 1579 3458 tutari
1617 3415 1659 3458 a
1695 3393 1895 3469 salsis»,
1932 3403 2001 3457 et
2040 3413 2160 3474 per
2195 3393 2601 3458 “occultare

370 3489 432 3552 in
466 3490 741 3554 occulto
775 3487 1195 3553 tabernaculi
1209 3489 1240 3514 ”
1271 3489 1687 3570 significatur
1718 3499 1953 3552 tenere
1990 3489 2056 3550 in
2095 3488 2343 3550 Divino
2381 3486 2598 3563 Bone,

369 3603 444 3648 ac
499 3586 710 3648 tutari
763 3605 803 3648 a
861 3584 1092 3662 malis;
1153 3604 1273 3665 per
1335 3583 1702 3648 “exaltare
1762 3585 1828 3646 in
1884 3593 2079 3664 petra
2094 3581 2124 3606 ”
2184 3581 2601 3663 significatur

371 3679 694 3744 instruere
729 3681 798 3742 in
833 3678 1262 3742 interioribus
1292 3679 1488 3741 veris,
1579 3677 1789 3759 Apud
1828 3677 2140 3753 eundem,

459 3823 763 3889 “Jehovah‚
786 3824 904 3887 quis
923 3823 1342 3873 commorabitur
1356 3823 1411 3872 in
1431 3822 1777 3871 tabernaculo
1796 3831 1905 3879 tuo,
1920 3820 2038 3884 quis
2056 3821 2318 3870 habitabit
2342 3821 2397 3869 in
2417 3829 2604 3871 monte

623 3885 926 3938 sanctitatis
951 3891 1108 3938 tuae?
1174 3887 1277 3952 Qui
1307 3888 1548 3938 ambulat
1574 3888 1801 3950 integer,
1829 3897 1885 3936 et
1908 3886 2037 3936 facit
2057 3885 2335 3949 justitiam,
2354 3895 2409 3935 et
2436 3886 2605 3950 loqui-

627 3963 713 4003 tur
734 3954 1015 4004 veritatem
1032 3953 1061 3973 '’
1084 3953 1197 4016 (Ps.
1225 3968 1314 4002 xv.
1343 3965 1386 4012 1,
1412 3955 1494 4014 2):

365 4115 476 4177 per
515 4093 1092 4161 “tabernaculum
1107 4093 1136 4118 ’'
1175 4095 1382 4157 etiam
1427 4092 1534 4156 hie
1581 4090 2001 4174 significatur
2044 4091 2330 4155 ecclesia
2375 4090 2599 4173 quoad

365 4191 611 4254 bonum
660 4192 930 4266 amoris„
970 4191 1067 4253 ita
1111 4209 1377 4273 quoque
1425 4188 1677 4251 bonum
1723 4187 2011 4264 amoris;
2068 4206 2186 4267 per
2235 4191 2599 4250 “montem

367 4284 806 4361 sanctitatis?
831 4304 950 4366 per
979 4303 1179 4367 quem
1213 4282 1616 4364 intelligitur
1650 4280 2148 4361 Hierosolyma,
2182 4278 2601 4360 significatur

366 4381 647 4445 ecclesia
693 4380 916 4464 quoad
971 4401 1130 4443 vera
1181 4376 1530 4442 doctrinae
1584 4398 1674 4440 ex
1728 4376 1847 4440 illo
1899 4375 2121 4453 bono;
2182 4375 2339 4438 inde
2394 4376 2604 4439 scitur

367 4475 518 4556 quid
571 4473 988 4558 significatur
1032 4494 1152 4556 per
1191 4471 1696 4537 “commorari'’
1741 4473 1809 4534 in
1854 4469 2025 4532 illis:
2080 4469 2249 4551 “qui
2294 4468 2602 4535 ambulat

365 4567 686 4652 integer,”
717 4567 1053 4651 significat
1091 4569 1201 4651 qui
1240 4569 1304 4630 in
1342 4567 1523 4630 bono
1558 4566 1783 4650 quoad
1814 4567 2027 4628 vitam
2058 4573 2186 4636 est,
2222 4573 2295 4627 et
2325 4564 2391 4626 in
2422 4565 2599 4628 ver-is

365 4666 580 4745 quoad
607 4663 1028 4744 doctrinam3
1068 4685 1272 4746 quare
1297 4663 1729 4746 dicitur,“qui
1752 4662 1911 4726 facit
1929 4661 2261 4743 justitiam
2286 4667 2355 4721 et
2381 4657 2598 4739 loqui·
