3259 5384
729 683 766 731 2
780 683 802 728 1
812 681 899 748 74
1368 677 1869 731 APOCALYPSIS
1913 679 2364 730 EXPLICATA.

724 846 1221 912 falsificationes
1267 847 1444 926 veri;
1500 867 1620 930 per
1668 847 2154 910 “aversiones’'
2189 867 2358 929 quae
2404 844 2668 909 validae
2715 841 2937 915 factae,

726 938 1188 1021 significantur
1228 941 1764 1004 adulterationes
1808 941 2006 1020 boni3
2055 940 2235 1023 quod
2280 939 2780 1003 falsificationes
2815 937 2940 1000 veri

726 1045 794 1096 et
848 1035 1379 1098 adulterationes
1437 1035 1596 1099 boni
1657 1056 1776 1118 per
1823 1034 2538 1116 “praevaricationes”
2581 1043 2652 1096 et
2711 1039 2941 1094 “aver-

728 1127 997 1190 siones”
1026 1127 1507 1210 significentur,
1541 1137 1816 1192 constat
1847 1149 1938 1192 ex
1961 1149 2157 1192 versu
2191 1137 2540 1210 sequente,
2567 1127 2680 1189 ubi
2717 1125 2944 1188 dicitur

730 1221 912 1302 quod
940 1227 980 1253 ‘⁴
1000 1222 1340 1285 moechati
1370 1223 1529 1296 sint,
1556 1232 1626 1285 et
1659 1223 1935 1285 domum
1968 1223 2336 1285 meretricis
2368 1220 2716 1284 turmatim
2748 1221 2942 1281 intra·

728 1315 1006 1389 verint,”
1064 1334 1185 1396 per
1248 1335 1419 1397 quae
1488 1314 1990 1379 falsificationes
2059 1323 2132 1378 et
2201 1313 2738 1378 adulterationes
2805 1309 2945 1375 illae

730 1405 1209 1487 significantur.
1296 1407 1505 1490 Apud
1544 1407 1896 1484 Habakuk,

828 1549 1036 1613 “Cujus
1060 1551 1206 1600 leves
1230 1561 1355 1600 sunt
1380 1567 1505 1614 prae
1525 1549 1755 1614 ttlpardis
1779 1553 1940 1616 equi„
1961 1553 2122 1602 ‚acuti
2146 1561 2272 1602 sunt
2295 1567 2422 1615 prae
2445 1551 2586 1614 lupis
2610 1563 2876 1614 vesperae,
2897 1557 2948 1598 ut

990 1615 1293 1666 diffundant
1320 1631 1379 1665 se
1407 1618 1611 1680 equites
1635 1618 1753 1679 ejus
1767 1617 1796 1636 ”
1819 1619 1872 1678 (i.
1893 1618 1972 1674 8):

706 1747 900 1810 ·haec
958 1747 1042 1810 de
1095 1748 1566 1811 devastatione
1620 1748 1948 1812 ecclesiae
2009 1768 2129 1829 per
2170 1747 2738 1811 adulterationem
2781 1746 2945 1820 veri;

739 1847 970 1921 “gens
1024 1840 1423 1916 Chaldaea,”
1454 1843 1539 1905 de
1566 1863 1698 1924 qua
1756 1842 1923 1905 haec
1970 1842 2304 1916 dicuntur,
2352 1841 2538 1904 illam
2585 1838 2944 1923 significat:

740 1935 977 2014 “cujus
1026 1934 1209 1998 leves
1264 1946 1419 1998 sunt
1467 1955 1625 2017 prae
1672 1936 1896 2017 pardis
1941 1934 2152 2018 equi,''
2197 1933 2533 2017 significat
2581 1935 2946 2016 cupidinem

733 2029 1097 2092 seducendi
1120 2049 1235 2109 per
1256 2030 1622 2105 ratiocinia,
1647 2041 1717 2092 et
1741 2032 1897 2093 inde
1915 2030 2258 2093 solertiam
2277 2029 2647 2092 seducendi
2670 2050 2686 2107 3
2719 2027 2948 2108 cupido

735 2133 803 2184 et
842 2122 1115 2186 solertia
1150 2122 1415 2187 illorum
1461 2122 1876 2204 significatur
1910 2143 2030 2205 per
2059 2123 2240 2205 quod
2275 2121 2518 2185 “leves
2535 2123 2564 2147 ”
2597 2132 2668 2185 et
2706 2121 2947 2185 celeres

732 2216 888 2291 sint,
930 2217 1280 2279 ratiocinia
1337 2237 1425 2279 ex
1485 2216 1772 2280 naturali
1838 2217 2110 2280 homine
2175 2215 2641 2298 significantur
2697 2216 2786 2278 ibi
2843 2233 2949 2295 per

736 2315 1003 2389 “equos
1028 2308 1079 2385 ;’'
1116 2319 1187 2372 et
1225 2310 1378 2391 quia
1410 2310 1574 2373 haec
1609 2329 1728 2390 per
1761 2315 2026 2392 “equos
2043 2309 2073 2334 ”
2104 2309 2587 2391 significantur,
2623 2319 2692 2373 et
2725 2308 2949 2371 similia

734 2421 852 2480 per
891 2402 1249 2483 “pard03,”
1286 2403 1439 2466 ideo
1491 2403 1733 2466 dicitur
1776 2403 2207 2490 quod-“equi
2253 2422 2483 2466 eorum
2531 2420 2691 2482 prae
2735 2401 2946 2484 pardis

732 2494 916 2557 leves
969 2497 1103 2558 sint
1128 2494 1180 2573 ;’'
1241 2498 1476 2564 “acuti
1537 2507 1694 2561 sunt
1749 2516 1907 2578 prae
1967 2495 2138 2578 lupis
2196 2495 2576 2577 vesperae,”
2625 2493 2950 2576 significat

735 2589 1055 2650 astutiam
1086 2589 1359 2653 fallendi
1384 2608 1502 2670 per
1524 2590 1859 2668 fallacias3
1899 2589 2200 2653 fallaciae
2223 2610 2540 2653 sensuum
2565 2589 2672 2652 hic
2705 2586 2946 2670 signifi·

732 2692 971 2744 cantur
1002 2701 1120 2763 per
1148 2683 1397 2764 “lupos
1430 2683 1808 2765 vesperae,”
1831 2685 1985 2766 quia
2022 2682 2324 2746 fallaciae
2355 2693 2512 2746 sunt
2545 2703 2634 2746 ex
2669 2679 2948 2746 sensuali

732 2775 1023 2851 homine,
1047 2778 1156 2859 qui
1182 2779 1247 2839 in
1273 2776 1569 2841 tenebris
1594 2777 1761 2840 salsa
1786 2780 1957 2841 sicut
1981 2799 2140 2840 vera
2159 2778 2344 2841 videt
2368 2798 2384 2855 3
2427 2782 2468 2810 ‘⁸
2485 2787 2560 2840 ut
2579 2776 2948 2840 diffundant

734 2889 805 2930 se
844 2871 1103 2952 equites
1134 2870 1273 2952 ejus
1290 2871 1319 2895 ”
1345 2870 1678 2952 significat
1705 2881 1778 2935 ut
1811 2891 1970 2934 vera
1993 2871 2203 2934 Verbi
2235 2891 2355 2952 per
2383 2870 2946 2934 adulterationem

736 2960 899 3025 fiant
946 2963 1325 3042 haeretica;
1373 2983 1491 3045 per
1526 2964 1892 3047 “equites”
1928 2963 2387 3046 significantur
2431 2965 2767 3040 haereses,
2807 2963 2952 3046 quia

735 3074 852 3136 per
887 3061 1153 3139 “equos
1170 3056 1199 3081 ’³
1236 3059 1809 3135 ratiocinationem,
1857 3078 1980 3140 per
2021 3079 2186 3142 quas
2238 3057 2721 3122 confirmantur
2771 3056 2948 3121 salsa.

739 3150 946 3231 Apud
982 3150 1342 3227 Danielem,

828 3283 1011 3334 Tertia
1044 3284 1213 3333 bestia
1248 3299 1278 3333 e
1312 3285 1447 3334 mari
1489 3285 1787 3334 ascendens
1832 3294 1948 3335 erat
1982 3285 2161 3335 “sicut
2196 3287 2409 3348 pardus,
2443 3286 2528 3336 cui
2563 3285 2680 3336 alae
2715 3294 2948 3350 quatuor,

992 3349 1173 3413 quales
1202 3349 1405 3409 avibus,
1434 3365 1594 3412 super
1622 3360 1775 3412 tergo
1803 3351 1944 3400 illius
1961 3349 1990 3370 ”
2013 3350 2123 3412 (vii.
2155 3352 2238 3412 6):

734 3479 1132 3544 describitur
1166 3481 1253 3543 ibi
1294 3499 1412 3561 per
1450 3491 1737 3562 quatuor
1768 3480 2020 3544 bestias
2055 3503 2094 3544 e
2131 3482 2295 3544 mari
2334 3481 2783 3544 ascendentes
2813 3499 2953 3542 suc-

736 3576 995 3638 cessiva
1030 3575 1412 3637 devastatio
1448 3574 1814 3653 ecclesiae;
1863 3585 1933 3639 et
1969 3596 2089 3658 per
2125 3578 2396 3638 tertiam
2433 3577 2608 3640 hanc
2646 3575 2948 3646 bestiam,

736 3689 907 3750 quae
949 3670 1177 3731 “sicut
1232 3669 1535 3748 pardus,”
1570 3667 2034 3749 significantur
2077 3670 2316 3732 similia
2366 3691 2538 3752 quae
2591 3690 2711 3752 per
2747 3677 2950 3750 “par-

734 3763 893 3825 dum
911 3761 941 3789 '⁹
973 3764 1038 3824 in
1091 3762 1217 3824 hoc
1276 3761 1431 3824 loco
1474 3761 1535 3824 A
1538 3761 1984 3844 pocalypseos,
2024 3782 2268 3844 nempe
2304 3764 2654 3827 ratiocinia
2704 3765 2950 3827 discor-

736 3857 990 3931 dantia,
1038 3867 1110 3918 et
1162 3875 1371 3938 usque
1426 3858 1822 3936 apparentia
1869 3857 2041 3919 sicut
2091 3858 2542 3936 cohaereant3
2603 3859 2762 3920 “cui
2813 3856 2954 3920 alae

737 3960 1043 4032 quatuor,
1078 3949 1311 4031 quales
1348 3949 1603 4024 avibuS,
1641 3969 1839 4030 super
1874 3959 2072 4031 tergo
2100 3949 2334 4024 illius,”
2369 3949 2706 4031 significat
2750 3971 2952 4033 appa·-

735 4045 1021 4106 rentiam
1054 4041 1438 4106 intellectus
1469 4043 1627 4106 boni
1661 4054 1731 4106 et
1758 4045 1896 4108 veri
1919 4064 2010 4106 ex
2035 4044 2488 4126 applicatione
2513 4065 2748 4108 sensus
2778 4045 2953 4108 litte·

737 4157 849 4199 rae
887 4136 1116 4200 Verbi.
1204 4135 1413 4218 Apud
1448 4135 1842 4213 Hoscleeam,

836 4271 866 4293 ⁸⁸
884 4269 999 4332 Ego
1024 4271 1150 4318 novi
1175 4279 1225 4318 te
1250 4271 1304 4318 in
1328 4270 1557 4330 deserto,
1582 4271 1638 4319 in
1665 4280 1804 4319 terra
1826 4271 2121 4320 siccitatum
2141 4285 2154 4328 ς
2174 4285 2306 4329 ,cum
2333 4286 2587 4336 pascuum
2612 4287 2809 4331 eorum,
2835 4281 2954 4320 tunc

994 4337 1214 4383 saturati
1239 4346 1365 4384 sunt
1384 4350 1395 4392 ;
1430 4349 1549 4384 cum
1574 4336 1797 4384 saturati
1821 4347 1960 4394 sunt,
1978 4346 2102 4384 tunc
2121 4336 2318 4385 elatum
2336 4347 2420 4385 est
2443 4351 2536 4386 cor
2551 4351 2735 4388 eorum
2755 4353 2768 4396 ;
2803 4350 2952 4400 prop·

993 4409 1138 4449 terea
1160 4399 1311 4448 obliti
1346 4411 1471 4448 sunt
1510 4400 1633 4457 Mei,
1658 4401 1780 4448 ideo
1803 4397 1975 4449 factus
2010 4415 2128 4450 sum
2163 4401 2268 4451 illis
2301 4403 2438 4452 sicut
2474 4402 2575 4464 leo,
2599 4405 2732 4452 sicut
2763 4403 2954 4466 pardus

994 4479 1155 4528 super
1177 4465 1267 4513 via
1288 4465 1586 4513 observabo
1600 4464 1629 4483 ”
1655 4464 1782 4526 (xiii.
1815 4465 1959 4528 5-7):

738 4595 950 4678 “Ego
1002 4597 1157 4660 novi
1212 4607 1281 4660 te
1333 4597 1401 4676 in
1454 4595 1747 4672 deserto,
1796 4596 1862 4661 in
1915 4608 2095 4662 terra
2139 4597 2581 4676 siccitatum,”
2625 4596 2946 4681 significat
