3259 5384
615 648 774 729 1978
1229 661 1729 714 APOCALYPSIS
1774 663 2224 714 EXPLICATA.

711 830 742 852 ‘⁸
759 827 1028 879 Erubesce
1053 827 1222 879 Zidon
1248 844 1260 888 ;
1294 830 1427 880 dixit
1451 845 1614 891 mare,
1632 831 2025 881 munimentum
2052 832 2231 890 maris,
2255 831 2495 890 dicendo,
2522 831 2646 882 Non
2670 840 2851 896 parm-

871 895 986 953 rivi,
1013 909 1123 944 non
1155 896 1356 958 peperi,
1381 903 1435 945 et
1463 911 1574 945 non
1601 897 1824 946 educavi
1852 897 2095 959 juvenes,
2120 897 2425 946 adolescere
2452 897 2554 946 ieci
2577 897 2850 959 virgines:

867 973 989 1008 cum
1009 960 1157 1009 fama
1173 959 1443 1024 Aegypto,
1455 961 1643 1011 dolore
1660 961 2029 1026 corripientur,
2044 963 2181 1012 sicut
2192 963 2261 1010 ad
2278 962 2479 1012 famam
2494 961 2625 1026 Tyri
2640 961 2669 982 ⁰⁸
2680 963 2851 1024 (xxiii.

865 1024 1015 1087 4.⁵)=

607 1175 728 1237 per
763 1159 804 1188 “
823 1155 1154 1220 Zidonem
1173 1155 1202 1180 ”
1227 1165 1299 1220 et
1327 1161 1366 1190 ‘⁴
1389 1155 1648 1239 Tyrum
1664 1155 1697 1183 '⁹
1730 1155 2197 1238 significantur
2228 1157 2655 1238 cognitiones
2685 1157 2849 1222 boni

602 1261 672 1312 et
711 1251 849 1312 veri
886 1270 978 1312 ex
1015 1248 1291 1328 Verb03
1338 1251 1522 1334 quod
1559 1250 1851 1314 ecclesia
1888 1271 2025 1315 non
2064 1251 2315 1334 aliquid
2353 1251 2847 1333 intelligentiae

599 1355 671 1406 et
717 1343 1091 1424 sapientiae
1140 1344 1266 1407 sibi
1313 1363 1434 1424 per
1477 1344 1630 1408 illas
1679 1347 2198 1426 comparaverit,
2246 1365 2325 1408 ac
2386 1365 2544 1408 usus
2588 1345 2845 1420 fecerit,

600 1435 1017 1516 significatur
1061 1457 1182 1518 per
1230 1438 1448 1502 “Non
1497 1439 1840 1520 parturivi,
1888 1459 2027 1502 non
2074 1441 2323 1520 peperi,
2372 1459 2509 1502 non
2560 1438 2849 1503 educavi

595 1527 896 1608 juveneS,
924 1529 1316 1594 adolescere
1343 1531 1470 1595 feci
1491 1529 1903 1614 virgines;”“
1912 1529 2198 1613 juvenes
2214 1531 2419 1596 ”sunt
2445 1553 2607 1596 vera
2624 1531 2847 1596 eccle-

598 1621 764 1694 siae,
804 1629 876 1684 et
916 1621 1322 1704 “virgines''
1363 1632 1526 1686 sunt
1561 1623 1749 1686 bona
1792 1623 1960 1704 ejus.
2046 1639 2167 1700 (Sed
2192 1639 2313 1686 haee
2342 1640 2851 1700 videanmmn.

599 1723 825 1788 275101,
847 1727 1126 1786 explicata.)
1213 1712 1428 1794 Apud
1467 1711 1787 1788 eundem,

701 1849 1046 1913 “Castigatio
1071 1860 1164 1900 tua
1187 1851 1311 1910 illis,
1337 1852 1475 1901 sicut
1495 1851 1723 1914 gravida
1743 1852 2142 1916 appropinquat
2164 1853 2231 1901 ad
2256 1851 2611 1916 pariendum..
2632 1851 2851 1903 ‚clamat

859 1916 916 1964 in
950 1916 1230 1966 doloribus
1263 1917 1408 1974 suis:
1454 1917 1532 1966 sic
1555 1913 1808 1966 ttlfuimus
1842 1931 2023 1966 coram
2058 1917 2139 1967 Te
2161 1917 2441 1982 Jehovah:
2487 1918 2848 1980 concepimus,

900 1981 1265 2040 arturivimus,
1291 1982 1442 2045 quasi
1467 1982 1773 2044 peperimus
1796 1992 2035 2040 ventum,
2054 1983 2256 2032 salutes
2280 1997 2391 2032 non
2414 1983 2639 2032 fecimus
2658 1992 2849 2042 terrae,

881 2043 1022 2096 ”lucc
1047 2047 1352 2096 ceciderunt
1369 2047 1701 2096 habitatores
1718 2048 1882 2108 orbis,
1902 2048 2087 2097 vivent
2109 2048 2306 2097 mortui
2326 2048 2402 2097 tui
2416 2046 2445 2067 '⁹
2464 2047 2625 2109 (xxvi.
2648 2047 2845 2111 16-19):

593 2185 762 2248 haec
795 2185 883 2248 de
913 2184 1168 2248 ultimis
1204 2185 1626 2267 temporibus
1659 2184 2011 2261 ecclesiae,
2046 2186 2321 2270 quando
2351 2185 2519 2249 falsa
2555 2196 2628 2250 et
2665 2187 2849 2251 mala

594 2281 660 2341 in
699 2288 970 2342 tantum
1007 2288 1445 2342 succrescunt
1479 2291 1553 2342 ut
1592 2299 1731 2343 non
1768 2277 2115 2343 reformari
2153 2288 2225 2343 et
2262 2282 2647 2362 regenerari
2685 2299 2846 2362 pos-

593 2375 773 2451 sint3
835 2372 950 2436 ille
1003 2382 1228 2436 status
1281 2373 1687 2454 intelligitur
1738 2392 1859 2455 per
1908 2375 2492 2454 “castigationem
2541 2373 2845 2456 Jehovae

595 2466 725 2528 illis
749 2465 802 2530 :”
845 2466 1028 2548 quod
1066 2477 1229 2530 tunc
1273 2486 1427 2530 cum
1459 2466 1867 2532 difficultate
1904 2467 2179 2548 aliquod
2216 2487 2447 2530 verum
2486 2469 2736 2549 percipi
2770 2478 2845 2532 et

601 2563 978 2641 comparari
1032 2571 1288 2642 posset,
1337 2561 1758 2642 significatur
1816 2583 1936 2644 per
1985 2563 2216 2624 “sicut
2263 2563 2544 2642 gravida
2596 2581 2845 2644 appro-

592 2657 873 2737 pinquat
899 2655 986 2718 ad
1021 2655 1440 2736 pariendum,
1471 2654 1727 2719 clamat
1760 2657 1825 2719 in
1860 2655 2205 2719 doloribus
2229 2657 2364 2718 suis
2387 2653 2443 2734 ;”
2475 2655 2654 2737 quod
2688 2655 2846 2720 loco

589 2750 954 2812 veritatum
986 2749 1299 2813 hauriant
1335 2750 1679 2813 vanitates
1716 2751 1784 2813 in
1827 2750 2071 2831 quibus
2110 2768 2246 2811 non
2283 2769 2465 2824 vera,
2504 2749 2842 2830 significa-

591 2852 702 2905 tur
733 2863 852 2924 per
881 2846 920 2875 “
943 2841 1420 2924 ConcepimuS,
1457 2845 1932 2924 parturivimus
1965 2854 2036 2907 et
2069 2844 2453 2926 peperimus
2483 2853 2763 2908 ventum
2788 2843 2843 2924 ;”

595 2943 632 2968 ‘⁶
655 2948 901 3000 ventus
917 2936 950 2962 ”
973 2937 1315 3018 significat
1349 2937 1528 3001 tales
1558 2939 1936 3002 vanitates:
1990 2939 2170 3020 quod
2202 2959 2292 3000 ex
2324 2937 2455 3000 illis
2487 2938 2648 3002 nihil
2682 2959 2842 3002 usus

586 3032 797 3106 vitae,
853 3031 1273 3112 significatur
1327 3051 1447 3112 per
1500 3031 1819 3095 “salutes
1880 3051 2015 3094 non
2071 3031 2391 3095 fecimus”
2444 3029 2837 3113 ¹³¹Jehovae:

588 3125 767 3206 quod
808 3145 1017 3207 usque
1066 3146 1107 3188 a
1157 3125 1478 3201 Domino,
1519 3145 1673 3189 cum
1712 3137 2037 3190 venturus
2071 3137 2177 3189 est
2222 3128 2289 3189 in
2327 3127 2673 3202 mundum,
2711 3127 2837 3190 do-

589 3221 811 3295 cendi,
860 3228 933 3283 et
986 3221 1438 3302 regenerandi
1492 3222 1629 3283 sint
1684 3241 1802 3302 per
1847 3241 2007 3284 vera
2052 3220 2139 3284 ab
2194 3220 2375 3301 Ipso,
2422 3220 2839 3302 significatur

589 3333 710 3396 per
760 3312 1076 3377 “Vivent
1133 3316 1383 3378 mortui
1437 3313 1596 3390 tui,''
1641 3326 1713 3378 et
1772 3335 1891 3396 per
1934 3314 2053 3378 illa
2089 3335 2259 3397 quae
2313 3314 2404 3377 ibi
2448 3323 2835 3396 sequuntur.

583 3409 794 3492 Apud
831 3409 1144 3483 eundem,

686 3540 907 3591 “Canta
933 3541 1148 3599 sterilis,
1173 3555 1310 3604 quae
1339 3555 1450 3590 non
1481 3542 1703 3604 peperit,
1728 3555 1963 3604 persona
1990 3549 2151 3590 cantu
2179 3549 2233 3590 et
2259 3540 2442 3603 iubila,
2472 3555 2581 3589 non
2610 3539 2837 3604 parturi·

845 3608 940 3668 vit,
965 3607 1092 3671 quia
1115 3607 1268 3656 multi
1293 3607 1388 3655 filii
1413 3607 1689 3656 desolatae
1716 3621 1844 3669 prae
1868 3606 1991 3655 filiis
2020 3607 2300 3656 maritatae
2314 3605 2343 3626 ”
2366 3607 2475 3668 (liv.
2505 3607 2580 3668 1):

583 3746 750 3810 haec
801 3746 888 3810 de
947 3745 1251 3809 adventu
1316 3743 1615 3821 Domini,
1665 3756 1735 3809 et
1795 3745 1881 3809 de
1942 3765 2121 3808 nova
2179 3745 2469 3809 ecclesia
2526 3744 2616 3808 ab
2672 3743 2834 3826 Ipso

587 3841 1029 3904 instauranda
1067 3839 1246 3921 apud
1278 3849 1567 3922 gentes;
1615 3840 1745 3904 hae
1777 3839 2239 3922 significantur
2276 3859 2396 3921 per
2430 3838 2783 3902 “sterilem
2800 3837 2833 3863 ”

587 3955 761 4017 quae
793 3954 931 3997 non
970 3936 1256 4016 peperit,
1290 3945 1361 3998 et
1401 3954 1521 4016 per
1555 3940 1596 3966 ‘⁴
1617 3934 2005 3998 desolatam
2021 3933 2051 3959 ”
2082 3935 2187 3997 cui
2219 3942 2415 3997 erunt
2448 3931 2644 3996 multi
2674 3931 2830 4010 fllii;

591 4028 964 4091 “steriles''
1021 4030 1358 4103 dicuntur,
1421 4029 1580 4112 quia
1644 4049 1781 4113 non
1850 4038 2185 4092 noverunt
2250 4027 2641 4102 Dominum,
2704 4045 2831 4090 nec

581 4122 961 4186 habuerunt
1001 4121 1314 4186 Verbum
1361 4121 1474 4186 ubi
1519 4143 1703 4198 vera,
1743 4132 1814 4186 et
1860 4133 2221 4203 propterea
2266 4141 2400 4184 non
2449 4119 2831 4202 regenerari

582 4228 950 4300 potuerunt
976 4239 991 4296 ;
1036 4215 1262 4279 “filii’'
1285 4228 1444 4280 sunt
1475 4238 1637 4281 vera
1667 4237 1708 4280 a
1745 4217 2043 4280 Domino
2074 4236 2193 4298 per
2218 4215 2560 4278 Verbum:
2609 4215 2829 4278 eccle-

582 4313 700 4386 sia,
737 4312 842 4375 cui
873 4321 979 4373 est
1004 4309 1334 4386 Verbum,
1373 4331 1462 4374 ex
1502 4331 1636 4393 quo
1668 4309 2001 4373 Dominus
2032 4318 2139 4372 est
2174 4317 2396 4383 notuS,
2426 4307 2833 4389 intelligitur

582 4425 703 4488 per
740 4403 1256 4480 “maritatam,”
1288 4406 1391 4468 cui
1429 4423 1565 4468 non
1604 4403 1757 4467 filii:
1804 4404 2125 4485 gaudium
2158 4421 2388 4466 eorum
2427 4403 2537 4484 qui
2576 4423 2611 4464 e
2651 4421 2830 4464 nova

588 4498 901 4574 ecclesia,
961 4500 1066 4562 cui
1132 4518 1269 4562 non
1330 4499 1510 4580 prius
1574 4518 1756 4572 vera,
1818 4495 2237 4578 significatur
2294 4516 2414 4578 per
2477 4495 2829 4558 “Persona

583 4604 794 4656 cantu
842 4605 913 4656 et
959 4593 1190 4675 jubila,
1237 4613 1410 4676 quae
1457 4611 1592 4655 non
1641 4592 1997 4674 parturivit
2021 4590 2074 4670 ;”
2126 4591 2515 4672 “parturire
2532 4589 2561 4612 ’⁹
2606 4601 2713 4653 est
2758 4590 2826 4652 in
