3259 5384
918 707 1076 759 cAP.
1111 705 1297 768 x111.,
1330 703 1541 755 VERs.
1585 704 1800 755 1.—N.
1834 687 2075 773 778[c].
2449 689 2616 772 2167

370 881 819 964 intelligitur;
876 889 948 944 et
985 879 1170 962 quod
1209 875 1680 960 “peccatum”
1716 886 1959 941 contra
1995 875 2186 940 illum
2225 876 2311 939 sit
2361 896 2615 958 negare

370 978 690 1042 Divinum
760 975 1041 1050 Verum,
1109 975 1209 1038 ita
1274 972 1604 1046 Verbum,
1675 982 1747 1036 et
1815 973 1996 1054 quod
2066 978 2106 1005 ‘⁴
2134 971 2561 1054 blasphemia
2585 970 2616 994 ”

370 1082 609 1135 contra
656 1070 850 1134 illum
898 1069 986 1132 sit
1032 1066 1419 1132 adulterare
1466 1067 1615 1148 ipsa
1657 1065 1842 1130 bona
1888 1065 2098 1130 Verbi
2145 1076 2218 1130 et
2261 1064 2616 1130 falsificare

368 1167 511 1248 ipsa
564 1185 730 1228 vera
786 1161 945 1245 ejus.
1036 1161 1306 1226 Sciatur
1356 1160 1539 1244 quod
1594 1161 1848 1226 bonum
1885 1159 2100 1224 Verbi
2151 1160 2616 1224 adulteratum

372 1261 459 1323 sit
496 1258 779 1333 malum,
818 1267 891 1321 et
928 1257 1109 1340 quod
1150 1274 1386 1319 verum
1428 1253 1859 1319 falsificatum
1897 1255 1988 1320 sit
2026 1253 2288 1318 salsum.

488 1349 611 1433 [0.]
679 1349 887 1431 Quod
928 1346 1276 1410 “verbum
1314 1358 1558 1411 contra
1598 1346 1846 1409 Filium
1885 1345 2236 1413 hominis”
2272 1347 2616 1428 significet

366 1442 802 1526 interpretari
826 1459 1101 1505 sensum
1129 1440 1511 1504 naturalem
1539 1437 1774 1514 Verbi,
1801 1440 1912 1522 qui
1944 1450 2052 1503 est
2077 1459 2316 1504 sensus
2343 1441 2614 1506 litterae

369 1537 527 1618 ejuS,
563 1536 943 1600 secundum
968 1536 1426 1618 apparentiae»,
1462 1545 1569 1600 est
1602 1535 1758 1617 quia
1789 1554 1908 1616 per
1937 1533 2238 1597 “Filium
2270 1534 2566 1602 hominis
2585 1537 2615 1560 '’

372 1632 781 1714 intelligitur
828 1631 1161 1693 Dominus
1204 1630 1429 1712 quoad
1478 1630 1799 1693 Divinum
1839 1627 2099 1692 Verum
2145 1629 2344 1711 quale
2390 1642 2500 1695 est
2546 1634 2616 1697 in

370 1728 583 1801 terris,
642 1728 747 1789 ita
799 1725 996 1808 quale
1044 1734 1152 1788 est
1206 1725 1274 1788 in
1330 1744 1531 1789 sensu
1581 1723 1915 1801 naturali;
1978 1723 2158 1806 quod
2208 1725 2273 1786 id
2333 1727 2614 1790 verbum

369 1823 761 1885 remittatur
799 1819 1077 1892 homini,
1120 1828 1227 1882 est
1263 1820 1420 1901 quia
1458 1819 1780 1901 pleraque
1818 1819 1884 1880 in
1923 1837 2123 1881 sensu
2162 1820 2456 1884 naturali
2494 1841 2616 1884 seu

371 1916 435 1978 in
492 1935 703 1978 sensu
751 1913 1021 1977 litterae
1068 1911 1301 1988 Verbi,
1351 1923 1509 1976 sunt
1556 1914 1738 1976 bona
1783 1921 1855 1976 et
1913 1933 2073 1976 vera
2131 1913 2478 1989 investita,
2539 1925 2612 1979 et

370 2010 574 2073 modo
612 2008 847 2090 aliqua
884 2007 1084 2081 nuda,
1124 2008 1299 2070 sicut
1344 2009 1411 2070 in
1458 2028 1662 2071 sensu
1701 2006 2031 2089 spirituali
2069 2007 2249 2088 ejus;
2305 2027 2384 2072 ac
2430 2009 2613 2072 bona

370 2113 439 2168 et
470 2123 633 2167 vera
666 2103 994 2165 investita
1023 2112 1357 2166 vocantur
1388 2103 1832 2184 apparentiae
1865 2103 2045 2178 veri;
2093 2100 2396 2166 Verbum
2431 2104 2613 2167 enim

368 2199 431 2260 in
470 2197 735 2260 ultimis
771 2204 880 2259 est
926 2196 1101 2258 sicut
1140 2195 1350 2259 homo
1386 2196 1664 2260 indutus
1700 2205 1916 2269 veste,
1958 2197 2070 2278 qui
2115 2206 2348 2260 tamen
2387 2199 2614 2280 quoad

369 2290 605 2354 faciem
647 2300 723 2353 et
760 2291 985 2372 quoad
1024 2308 1263 2352 manus
1301 2290 1518 2354 nudus
1555 2299 1702 2368 est;
1757 2299 1829 2354 et
1868 2291 1978 2354 ubi
2024 2292 2119 2354 sic
2161 2291 2465 2355 Verbum
2503 2302 2612 2356 est

368 2387 643 2461 nudum,
679 2385 771 2447 ibi
810 2393 1143 2467 apparent
1174 2384 1355 2448 bona
1386 2395 1458 2448 et
1494 2405 1655 2449 vera
1689 2383 1832 2466 ejus
1864 2384 2046 2448 nuda
2077 2386 2251 2450 sicut
2289 2387 2355 2449 in
2395 2387 2610 2458 caelo,

370 2482 464 2544 ita
507 2479 740 2563 qualia
786 2480 852 2541 in
900 2499 1102 2542 sensu
1140 2479 1469 2562 spirituali
1516 2489 1714 2543 sunt:
1773 2500 1982 2563 quare
2027 2499 2165 2543 non
2210 2481 2407 2545 deest
2453 2482 2614 2563 quin

370 2595 456 2639 ex
500 2595 711 2638 sensu
750 2573 1025 2638 litterae
1064 2573 1296 2649 Verbi,
1337 2572 1647 2638 doetrina
1683 2575 1958 2656 genuini
2002 2575 2162 2639 boni
2207 2595 2288 2640 ac
2336 2579 2613 2658 genuini

368 2671 507 2746 veri
530 2669 758 2752 possit
782 2669 873 2732 ab
896 2668 1255 2733 illust-ratis
1280 2690 1321 2732 a
1347 2669 1646 2734 Domino
1671 2670 1904 2744 videri,
1932 2679 2004 2733 et
2030 2691 2070 2732 a
2095 2690 2230 2734 non
2257 2671 2614 2736 illustratis

346 2753 775 2827 'consu-mari.
866 2761 1070 2844 Quod
1118 2763 1258 2826 tale
1304 2765 1395 2827 sit
1440 2762 1748 2827 Verbum
1797 2765 1864 2826 in
1911 2783 2114 2827 sensu
2161 2764 2453 2841 litterae,
2503 2779 2612 2832 est

368 2866 441 2920 ut
499 2858 589 2920 sit
650 2858 832 2919 basis
883 2858 1109 2920 sensui
1166 2857 1535 2938 spirituali;
1596 2859 1692 2920 sic
1748 2858 1958 2921 etiam
2012 2861 2612 2926 accommodatum

369 2962 472 3016 est
506 2952 747 3033 captui
780 2950 1207 3033 simplicium,
1240 2953 1352 3034 qui
1385 2970 1521 3014 non
1561 2961 1850 3033 possunt
1881 2951 2006 3014 nisi
2045 2949 2246 3034 quam
2285 2953 2415 3018 illa.
2438 2975 2614 3037 quae

370 3043 464 3108 ita
515 3043 707 3110 dieta
761 3054 921 3108 sunt
982 3045 1349 3127 percipere,
1398 3055 1471 3108 et
1530 3055 1859 3128 percepta
1910 3045 2188 3110 credere
2242 3058 2314 3111 et
2372 3048 2611 3113 facere.

370 3138 461 3204 Et
496 3141 660 3223 quia
699 3138 947 3202 Divina
984 3159 1145 3202 vera
1181 3141 1248 3201 in
1287 3138 1500 3203 Verbi
1536 3159 1741 3202 sensu
1780 3139 2055 3203 litterae
2092 3139 2414 3224 pleraque
2452 3155 2611 3207 sunt

369 3235 815 3317 apparentiae
852 3231 1039 3308 Veri,
1079 3253 1159 3296 ac
1207 3234 1550 3316 simplices
1595 3232 1728 3297 fide
1773 3242 1846 3297 et
1892 3235 2098 3297 corde
2145 3254 2282 3298 non
2321 3248 2611 3317 possunt

368 3349 567 3411 supra
614 3327 771 3391 illas
818 3327 1087 3402 elevari,
1127 3327 1284 3390 inde
1330 3347 1468 3391 non
1506 3336 1866 3411 peccatum
1914 3337 1986 3390 et
2031 3327 2458 3410 blasphemia
2503 3342 2613 3395 est

370 3423 811 3506 interpretari
850 3421 1154 3485 Verbum
1201 3421 1571 3485 secundum
1619 3422 2076 3504 apparentiaS,
2117 3422 2325 3485 modo
2370 3445 2460 3486 ex
2509 3425 2612 3488 his

370 3535 505 3580 non
551 3516 937 3580 formentur
982 3515 1329 3598 principia,
1379 3525 1449 3580 et
1505 3515 1675 3580 haec
1733 3514 2216 3580 confirmentur
2261 3537 2471 3600 usque
2524 3520 2611 3582 ad

369 3607 909 3676 destruetionem
949 3609 1176 3672 Divini
1215 3608 1383 3673 Veri
1428 3611 1494 3672 in
1532 3611 1834 3692 genuino
1871 3630 1994 3674 suo
2031 3630 2255 3673 sensu.
2343 3610 2444 3676 Ut
2491 3634 2615 3695 pro

369 3704 721 3788 exemplo,
762 3705 874 3787 qui
911 3703 1080 3767 haec
1114 3703 1306 3786 legit,

636 3839 666 3861 ⁰·
684 3835 823 3887 Ecce
846 3835 1039 3900 Agnus
1066 3835 1167 3886 Dei
1190 3837 1281 3902 qui
1306 3837 1444 3888 tollit
1465 3847 1742 3901 peecatum
1767 3836 1997 3888 mundi”
2020 3837 2172 3904 (Joh.
2197 3838 2228 3889 i.
2254 3839 2368 3903 29)3

368 3961 439 4015 et
472 3951 635 4028 hoc,

465 4069 495 4089 ‘⁸
510 4065 661 4116 Hoc.
681 4073 793 4116 .est
813 4065 1035 4130 unguis
1054 4079 1221 4126 meus,
1242 4065 1332 4116 ille
1356 4065 1485 4116 novi
1504 4065 1855 4124 Testamenti,
1875 4067 1964 4132 qui
1989 4083 2088 4131 pro
2112 4067 2295 4118 multis
2318 4067 2615 4120 effunditur

632 4131 688 4180 in
718 4131 1095 4181 remissionem
1120 4131 1501 4194 peecatorum”
1523 4133 1738 4194 (Manli.
1761 4133 1905 4183 xxvi.
1930 4133 2047 4195 28);

370 4253 515 4308 tum
555 4244 769 4310 etiam
807 4244 963 4320 hoc,

462 4361 495 4382 ‘⁶
511 4357 749 4410 Michael
776 4367 831 4408 et
864 4357 1043 4422 angeli
1071 4357 1192 4422 ejus
1216 4369 1525 4422 pugnarunt
1550 4370 1742 4410 contra
1766 4359 2056 4411 draconem
2071 4359 2102 4382 '⁹
2124 4371 2179 4412 et
2205 4362 2431 4426 angelos
2459 4361 2608 4426 ejus:

636 4461 653 4478 .
670 4461 685 4476 .
703 4461 717 4475 .
736 4426 793 4475 ‚⁸⁶
810 4434 867 4474 et
891 4424 967 4477 illi
992 4425 1233 4476 vicerunt
1257 4439 1381 4474 eum
1406 4439 1501 4488 per
1517 4427 1838 4490 sanguinem
1863 4427 2054 4490 AgnP'
2081 4428 2254 4492 (Apoc.
2276 4429 2365 4478 xii.
2392 4439 2437 4488 7.
2465 4430 2577 4490 11);

369 4563 437 4617 et
462 4573 555 4618 ex
582 4553 717 4618 illis
738 4550 1142 4635 simpliciter
1161 4553 1376 4618 credit
1396 4554 1578 4638 quod
1606 4555 1941 4619 Dominus
1965 4575 2203 4638 passus
2229 4557 2315 4619 sit
2337 4574 2607 4618 crucem

370 4657 649 4730 propter
673 4655 967 4732 peccata
990 4656 1249 4726 nostra,
1278 4657 1349 4712 et
1374 4649 1554 4732 quod
1587 4648 1918 4733 perillam
1952 4659 2022 4714 et
2055 4670 2174 4733 per
2205 4651 2606 4732 sanguinem
2706 4672 2713 4681 ·
