3259 5384
652 647 820 728 2318
1249 659 1775 712 ·APOCALvPsls
1820 659 2267 711 EXPLICATA.

649 832 758 896 hic
804 852 925 913 per
963 831 1229 922 “signa
1261 829 1438 896 facta
1481 831 1570 895 ab
1621 831 1747 895 hac
1793 831 2012 895 bestia
2056 850 2283 894 coram
2328 826 2591 892 altera”
2626 824 2912 909 signifi-

651 935 892 990 centur
950 925 1466 989 testificationes
1523 947 1562 989 e
1621 945 1825 988 sensu
1884 925 2154 988 litterae
2208 922 2418 987 Verbi
2478 917 2911 1003 conjunctae

649 1019 1015 1084 ratiociniis
1059 1039 1098 1082 e
1143 1019 1432 1082 naturali
1475 1019 1773 1094 homine,
1812 1029 1919 1083 est
1956 1021 2113 1101 quia
2146 1039 2267 1101 per
2304 1017 2679 1090 “bestiam‚
2718 1035 2917 1097 quae

649 1113 809 1176 fecit
854 1112 1090 1194 signa”
1135 1112 1596 1194 significantur
1649 1111 2198 1177 confirmationes
2256 1132 2295 1175 e
2354 1130 2555 1174 sensu
2612 1109 2914 1172 litterae

653 1205 886 1282 Verbi,
922 1219 992 1270 et
1029 1227 1148 1289 per
1182 1208 1530 1271 “bestiam
1565 1225 1794 1270 coram
1833 1227 1966 1290 qua
2001 1203 2179 1270 sacta
2214 1215 2371 1268 sunt
2404 1203 2641 1286 signa”
2676 1203 2915 1284 signi-

652 1298 939 1364 ficantur
961 1301 1311 1364 ratiocinia
1341 1320 1378 1364 e
1405 1300 1692 1364 naturali
1717 1300 1990 1365 homine
2018 1320 2035 1377 3
2082 1298 2189 1362 hic
2218 1300 2445 1381 itaque
2472 1295 2920 1378 significatur

653 1391 1036 1475 conjunctio
1083 1393 1670 1458 confirmationum
1715 1415 1753 1456 e
1799 1393 2035 1457 Verbo
2086 1411 2239 1456 cum
2284 1392 2651 1456 ratiociniis
2712 1389 2917 1468 iuis3

654 1499 727 1552 et
764 1509 918 1552 cum
955 1487 1474 1571 conjunguntur,
1516 1498 1680 1552 tunc
1718 1486 1885 1551 fiunt
1931 1485 2446 1551 testificationes
2492 1494 2563 1548 et
2606 1505 2917 1566 persua-

655 1583 917 1646 siones:
965 1583 1313 1646 ratiocinia
1358 1583 1536 1645 enim
1583 1603 1620 1644 e
1668 1582 1956 1645 naturali
2002 1583 2275 1645 homine
2322 1581 2389 1643 in
2429 1579 2917 1660 spiritualibus

652 1695 882 1740 coram
928 1678 1181 1741 mundo
1227 1695 1362 1739 non
1407 1676 1662 1752 valent,
1710 1686 1783 1739 at
1828 1695 1982 1739 cum
2034 1675 2275 1739 eadem
2320 1673 2829 1738 confirmantur
2875 1695 2919 1738 e

653 1769 907 1846 Verb0,
943 1769 1212 1849 valent;
1259 1789 1461 1834 causa
1496 1780 1623 1845 est,
1665 1771 1819 1853 quia
1852 1769 2155 1833 Verbum
2192 1778 2297 1832 est
2338 1768 2682 1845 Divinum,
2720 1779 2805 1832 et
2840 1768 2914 1831 id

651 1863 718 1926 in
757 1883 958 1927 sensu
996 1864 1264 1928 litterae
1301 1864 1610 1927 consistit
1648 1885 1739 1927 ex
1777 1864 2189 1944 apparentiis
2226 1863 2384 1936 veri,
2424 1871 2497 1925 et
2532 1883 2622 1925 ex
2664 1881 2916 1926 corre-

653 1959 1098 2040 spondentiis‚
1160 1959 1228 2021 in
1283 1959 1522 2041 quibus
1579 1959 1875 2039 genuina
1927 1978 2106 2032 vera,
2169 1978 2339 2040 quae
2398 1958 2579 2020 intus
2638 1956 2913 2032 latent,

655 2072 790 2116 non
825 2053 947 2115 nisi
971 2070 1172 2135 quam
1204 2073 1295 2115 ex
1325 2052 1666 2115 illustrato
1688 2051 1901 2114 videri
1930 2065 2215 2133 possunt
2243 2073 2258 2129 ;
2306 2071 2347 2115 a
2378 2070 2515 2114 non
2544 2050 2919 2116 illustrato

654 2156 884 2209 autem
942 2155 1227 2226 possunt
1285 2146 1723 2227 apparentiae
1777 2145 1917 2208 veri
1976 2144 2150 2208 trahi
2208 2145 2294 2208 ad
2354 2143 2917 2209 confirmandum

655 2239 826 2303 salsa
849 2241 1020 2303 sicut
1045 2261 1225 2315 vera,
1253 2259 1410 2302 nam
1444 2239 1622 2320 apud
1648 2259 1783 2302 non
1809 2238 2219 2304 illustratum
2244 2239 2547 2303 fallaciae
2572 2253 2914 2321 regnant,

655 2344 726 2398 et
771 2355 863 2397 ex
909 2333 1186 2397 fallaciis
1230 2343 1389 2397 sunt
1432 2334 1823 2397 ratiocinia:
1880 2333 2256 2397 illustratus
2301 2340 2529 2398 autem
2565 2335 2766 2398 videt
2816 2355 2915 2398 ex

655 2427 982 2508 spirituali
1027 2437 1098 2490 et
1143 2427 1356 2510 simulo
1385 2447 1475 2490 ex
1523 2427 1813 2491 naturali
1858 2427 2028 2504 luce,
2068 2438 2139 2491 et
2184 2429 2509 2492 naturalis
2544 2428 2667 2491 lux
2716 2429 2916 2510 apud

659 2520 848 2584 illum
907 2521 1276 2586 illustratur
1333 2541 1374 2584 a
1433 2521 1798 2602 spirituali;
1862 2541 1997 2584 non
2050 2520 2424 2586 illustratus
2480 2543 2645 2586 vero
2706 2525 2916 2587 videt

657 2615 878 2678 solum
925 2637 1013 2679 ex
1063 2616 1352 2679 naturali
1399 2615 1546 2680 luce
1593 2625 1908 2697 separata
1954 2637 1994 2678 a
2038 2617 2389 2696 spirituali,
2438 2637 2609 2700 quae
2656 2616 2791 2680 lux
2842 2619 2915 2682 in

659 2709 1113 2790 spiritualibus
1166 2730 1300 2773 non
1357 2710 1475 2772 lux
1530 2711 1652 2773 sed
1703 2710 1926 2792 caligo
1980 2721 2126 2788 est;
2188 2711 2356 2774 haec
2408 2711 2631 2793 caligo
2682 2732 2915 2794 usque

658 2813 812 2885 post
861 2802 1407 2866 confirmationes
1451 2803 1597 2867 salsi
1658 2814 1939 2884 apparet
1994 2805 2169 2868 sicut
2223 2803 2343 2868 lux
2396 2807 2557 2880 veri,
2612 2805 2744 2868 sed
2795 2818 2916 2870 est

659 2898 834 2960 sicut
867 2897 984 2960 lux
1019 2898 1086 2960 in
1115 2897 1409 2975 infernis,
1436 2917 1607 2980 quae
1642 2917 1871 2961 coram
1902 2897 2032 2961 illis
2056 2899 2167 2980 qui
2200 2899 2287 2962 ibi
2320 2909 2478 2963 sunt
2508 2909 2807 2980 apparet
2836 2912 2916 2964 ut

661 2990 804 3066 lux,
844 2991 964 3054 sed
1003 3002 1076 3054 ut
1116 2992 1402 3072 primum
1447 2992 1657 3055 intrat
1703 2991 1823 3054 lux
1861 3012 1899 3053 e
1946 2992 2157 3066 caelo,
2198 2994 2484 3056 vertitur
2520 2993 2639 3055 lux
2692 2994 2795 3056 ibi
2844 2995 2915 3057 in

661 3103 915 3147 meram
948 3085 1329 3166 caliginem,
1353 3094 1423 3148 et
1455 3085 1787 3166 cogitatio
1816 3105 2050 3148 eorum
2083 3087 2501 3168 obstupescit
2530 3107 2546 3163 ;
2593 3087 2661 3149 in
2695 3087 2915 3150 inser·

660 3179 764 3241 nis
800 3179 868 3240 in
906 3179 1142 3261 quibus
1179 3189 1336 3242 sunt
1374 3178 1468 3243 illi
1505 3179 1618 3260 qui
1655 3177 1857 3242 altius
1904 3189 2381 3259 persuaserunt
2426 3180 2549 3242 sibi
2586 3177 2767 3243 falsa
2816 3201 2915 3254 ex

659 3273 822 3336 dote
859 3272 1207 3354 cogitandi
1245 3273 1521 3336 interius
1557 3291 1760 3354 quam
1798 3271 1931 3348 alii,
1970 3273 2039 3336 in
2084 3271 2233 3336 luce
2271 3273 2671 3354 phantasiae
2712 3284 2913 3348 sunt,

661 3387 833 3448 quae
871 3366 988 3429 lux
1025 3367 1113 3429 ad
1153 3366 1426 3429 modum
1463 3367 1737 3440 candet,
1778 3365 1898 3428 sed
1938 3367 2103 3429 haec
2151 3365 2271 3429 lux
2310 3369 2377 3429 in
2414 3367 2631 3429 adhuc
2676 3369 2917 3450 magis

658 3460 916 3523 furvam
970 3461 1328 3542 caliginem
1375 3461 1661 3524 vertitur
1706 3479 1823 3540 per
1868 3460 2193 3523 influxurn
2240 3460 2577 3524 radiorum
2639 3460 2824 3525 lucis
2872 3482 2913 3525 e

661 3554 894 3631 caelo;
929 3554 1086 3617 talis
1112 3555 1228 3617 lux
1255 3563 1360 3617 est
1395 3554 1515 3617 lux
1539 3552 2071 3617 confirmationis
2094 3553 2240 3617 falsi
2272 3575 2359 3618 ex
2394 3573 2593 3616 sensu
2618 3552 2916 3619 litterae

661 3646 874 3711 Verbi
929 3667 1048 3728 per
1099 3649 1450 3712 ratiocinia
1501 3668 1590 3710 ex
1637 3646 1917 3710 fallaciis
1972 3647 2296 3710 naturalis
2349 3647 2681 3711 hominis:
2742 3649 2915 3713 inde

661 3753 854 3824 patet
887 3743 1065 3824 quod
1101 3743 1218 3806 lux
1257 3741 1788 3807 confirmationis
1819 3741 1967 3804 salsi
1997 3761 2208 3825 usque
2244 3742 2331 3806 ad
2362 3738 2915 3808 destructionem

663 3837 891 3900 Divini
917 3836 1102 3912 Veri,
1129 3837 1311 3919 quod
1343 3838 1410 3899 in
1443 3835 1638 3900 caelo
1668 3845 1795 3910 est,
1832 3837 1919 3900 sit
1952 3835 2072 3898 lux
2106 3836 2462 3899 infernalis.
2551 3833 2913 3916 Quoniam

661 3933 728 3996 in
777 3931 1337 4012 praecedentibus
1381 3928 1679 3993 articulis
1724 3927 1951 3992 actum
1997 3938 2103 3993 est
2165 3930 2250 3992 de
2308 3929 2503 3993 bonis
2555 3931 2911 4008 operibus,

661 4026 862 4088 velim
923 4025 1028 4088 hic
1088 4026 1483 4089 continuare
1544 4023 1776 4098 telam,
1826 4032 1896 4086 et
1955 4025 2318 4088 ostendere
2363 4024 2521 4107 quid
2579 4041 2782 4087 amor
2844 4027 2914 4089 in

663 4121 1055 4184 Dominum.
1165 4119 1244 4181 In
1310 4119 1514 4182 tertio
1572 4139 1693 4181 seu
1752 4117 1993 4181 intimo
2052 4118 2244 4182 caelo
2304 4129 2461 4181 sunt
2520 4137 2769 4181 omnes
2838 4121 2911 4183 in

663 4233 893 4278 amore
940 4214 1006 4277 in
1054 4212 1417 4276 Dominum
1465 4231 1506 4275 a
1552 4211 1889 4288 Domino;
1936 4222 2007 4275 et
2044 4211 2139 4274 illi
2179 4212 2354 4275 tales
2398 4221 2554 4274 sunt
2598 4220 2676 4274 ut
2716 4213 2916 4276 vitae

660 4327 822 4371 suae
857 4308 1181 4387 inscripta
1216 4327 1377 4369 vera
1414 4305 1829 4387 possideant,
1870 4315 1941 4368 et
1981 4325 2113 4368 non
2156 4306 2521 4368 memoriae
2558 4305 2737 4369 sicut
2776 4327 2913 4370 an·-

662 4400 801 4483 geli
845 4400 1225 4464 inferiorum
1273 4399 1655 4476 caelorum;
1700 4419 1874 4482 quae
1918 4399 2126 4462 etiam
2174 4418 2377 4462 causa
2420 4409 2525 4461 est
2563 4399 2755 4480 quod
2808 4400 2909 4464 illi

659 4495 776 4578 qui
821 4495 887 4558 in
933 4494 1138 4558 tertio
1181 4492 1375 4556 caelo
1419 4502 1577 4556 sunt
1623 4510 1953 4574 nusquam
1998 4492 2360 4574 loquantur
2402 4492 2488 4555 de
2525 4494 2725 4568 veris,
2778 4495 2910 4558 sed

661 4587 883 4654 solum
921 4587 1198 4652 audiant
1233 4586 1402 4652 alios
1438 4585 1801 4670 loquentes
1846 4587 1931 4650 de
1977 4586 2128 4664 illis,
2168 4605 2247 4651 ac
2286 4586 2746 4668 respondeant
2788 4588 2909 4652 vel
