3259 5384
967 715 1128 766 CAP.
1161 715 1316 778 xn„
1349 715 1556 767 vens.
1590 715 1811 784 7.-Ν,
1845 701 2114 786 734[d].
2493 717 2659 787 2055

525 881 904 938 “Sanctificate
933 884 1166 936 contra”
1192 885 1354 936 filiam
1383 885 1568 936 Zionis
1595 887 1624 909 ‘⁶
1641 885 1842 936 bellum
1866 901 1879 944 ;
1914 885 2117 950 surgite
2144 895 2199 935 et
2227 886 2581 938 ascenadmus
2606 888 2659 936 in

683 951 906 1002 meridie
927 966 964 1010 ;.
985 989 997 1001 .
1017 989 1030 1002 .
1051 951 1277 1014 ‚surgite
1306 961 1360 1001 et
1388 953 1745 1001 ascendamus
1776 952 1831 1000 in
1860 948 2037 1010 nocte,
2063 962 2117 1002 et
2145 952 2433 1014 perdamus
2462 953 2665 1014 palatia

683 1016 801 1080 ejus
819 1033 858 1067 :.
879 1054 892 1067 .
911 1053 924 1067 .
945 1016 1176 1066 .fundite
1199 1027 1390 1066 contra
1415 1015 1855 1080 Hierosolymam
1880 1017 2096 1066 vallum.
2142 1054 2155 1066 .
2174 1054 2187 1066 .
2209 1054 2221 1066 .
2240 1055 2253 1067 .
2272 1015 2406 1066 Ecce
2431 1017 2663 1080 populus

681 1081 910 1132 veniens
945 1097 976 1132 e
1007 1091 1153 1132 terra
1187 1081 1610 1144 septentrionis..
1632 1119 1647 1132 .
1666 1119 1678 1133 .
1699 1082 1953 1132 ‚crudelis
1988 1082 2091 1141 ille,
2130 1096 2228 1131 nec
2255 1078 2662 1141 [flmiserantnn

681 1163 790 1198 vox
813 1162 1000 1198 eorum
1023 1148 1161 1197 sicut
1187 1161 1334 1196 mare
1359 1157 1592 1206 resonat,
1619 1162 1781 1210 super
1804 1149 1955 1210 equis
1980 1149 2237 1210 equitant.
2258 1157 2475 1210 paratus
2498 1157 2559 1198 ut
2580 1149 2665 1198 vir

681 1214 751 1263 ad
778 1213 992 1270 bellum,
1018 1222 1209 1262 contra
1230 1223 1298 1272 te,
1324 1211 1432 1262 filia
1455 1212 1639 1262 Zionis
1656 1212 1684 1231 ”
1708 1211 1797 1273 (vi.
1824 1213 1936 1272 3-6,
1964 1225 2040 1270 22,
2068 1213 2151 1274 23)
2172 1229 2183 1262 :

422 1345 644 1428 agitur
679 1345 769 1410 ibi
816 1345 901 1409 de
938 1343 1407 1412 falsificatione
1443 1344 1657 1408 Verbi
1694 1344 1781 1408 ab
1826 1344 1956 1408 illis
1994 1346 2105 1428 qui
2151 1346 2218 1408 in
2258 1346 2523 1426 propria
2559 1346 2661 1408 in-

423 1439 808 1522 telligentia
837 1448 995 1503 sunt
1023 1461 1038 1516 ;
1087 1439 1154 1504 hi
1191 1437 1669 1520 intelliguntui²
1707 1458 1825 1519 per
1860 1438 2240 1521 “populum
2272 1441 2662 1504 venientem

421 1556 510 1598 ex
558 1545 740 1598 terra
775 1532 1320 1618 septentrioniS,”
1357 1533 1530 1596 tales
1578 1534 1759 1596 enim
1804 1535 1870 1596 in
1919 1534 2175 1598 mundo
2220 1535 2549 1615 spirituali
2593 1535 2662 1598 in

421 1630 888 1710 septentrione
932 1628 1270 1704 habitant,
1319 1628 1475 1710 quia
1527 1629 1595 1690 in
1642 1626 2011 1692 falsificatis
2056 1637 2237 1704 sunt,
2286 1649 2377 1692 ex
2423 1628 2663 1711 quibus

420 1743 578 1788 vera
617 1742 755 1787 non
793 1723 1148 1799 videntur3
1205 1721 1496 1786 ecclesia
1530 1731 1783 1796 autem,
1824 1743 1995 1805 quae
2033 1723 2099 1785 in
2139 1724 2450 1804 genuinis
2487 1725 2663 1787 veris

419 1826 545 1892 est,
601 1817 1008 1900 intelligitur
1061 1837 1182 1898 per
1238 1815 1504 1880 “filiam
1557 1816 1861 1880 Zionis:”
1921 1818 2346 1900 impugnatio
2399 1819 2537 1882 veri
2591 1829 2661 1884 et

417 1908 795 1974 destruc‘tio
841 1909 1170 1973 ecclesiae
1217 1909 1304 1972 ab
1349 1909 1504 1986 illis,
1541 1909 1963 1991 significatur
2008 1931 2126 1993 per
2168 1909 2662 1976 “Sanctificate

418 2014 663 2068 contra
707 2003 912 2068 filiam
960 2004 1190 2068 Zionis
1236 2002 1514 2080 bellum,
1557 2015 1627 2068 et
1674 2004 1934 2068 fundite
1982 2014 2223 2069 contra
2264 2005 2661 2088 Hierosoly·

417 2099 903 2166 mam.vallum
929 2097 981 2176 ;”
1039 2096 1625 2179 “Hierosolyma”
1664 2108 1769 2163 est
1815 2099 2105 2164 ecclesia
2141 2101 2363 2182 quoad
2411 2097 2661 2164 doc'tri-

416 2213 598 2268 nam,
670 2204 742 2256 et
809 2193 967 2256 inde
1033 2190 1344 2256 doctrina
1410 2192 1780 2269 ecclesiae3
1857 2204 2145 2256 conatus
2210 2215 2371 2258 vera
2436 2194 2663 2277 palam

415 2287 838 2364 destruendi,
875 2286 1294 2370 significatur
1329 2307 1450 2368 per
1485 2285 1836 2369 “Surgite,
1874 2289 2319 2351 ascendamus
2358 2290 2424 2351 in
2463 2288 2661 2352 meri-

415 2381 521 2446 die
551 2381 607 2460 ;”
665 2391 956 2447 conatus
991 2401 1154 2443 vera
1199 2380 1375 2443 clam
1413 2381 1828 2457 destruendi,
1872 2403 1989 2464 per
2030 2381 2383 2466 “Surgite,
2424 2402 2661 2446 ascen-

415 2474 662 2538 damus
729 2475 795 2537 in
869 2472 1068 2538 noc'te
1093 2474 1146 2554 ;”
1221 2485 1506 2538 conatus
1572 2476 1966 2539 destruendi
2032 2474 2458 2540 intellectum
2524 2477 2663 2540 veri

412 2569 840 2651 significatur
899 2589 1017 2651 per
1080 2569 1506 2632 “Perdamus
1561 2570 1817 2651 palatia
1869 2569 2012 2650 ejus
2036 2570 2087 2648 ;”
2154 2571 2335 2654 quod
2395 2590 2664 2652 prorsus

412 2684 550 2728 non
591 2665 736 2726 sint
775 2664 842 2725 in
879 2682 1107 2727 amore
1147 2665 1308 2738 veri,
1351 2663 1471 2726 sed
1511 2665 1577 2726 in
1616 2684 1845 2727 amore
1885 2663 2051 2738 falsi,
2092 2663 2510 2746 significatur
2548 2682 2667 2743 per

411 2759 596 2841 quod
645 2755 993 2838 “populus
1031 2757 1144 2819 ille
1183 2759 1270 2822 sit
1309 2756 1620 2832 crudelis,
1664 2766 1734 2821 et
1774 2778 1910 2821 non
1950 2759 2353 2822 miserantur
2378 2757 2429 2836 ;”
2481 2756 2663 2840 quod

413 2852 910 2915 ratiocinentur
941 2872 1030 2914 ex
1064 2852 1385 2926 scientiiS,
1417 2861 1486 2914 et
1519 2872 1609 2914 ex
1645 2853 1910 2933 propria
1941 2852 2417 2934 intelligentia,
2454 2851 2661 2934 signi-

409 2945 655 3009 ficatur
713 2965 834 3026 per
886 2945 1066 3027 quod
1119 2951 1315 3007 “vox
1370 2965 1602 3008 eorum
1656 2947 1829 3009 sicut
1885 2965 2067 3008 mare
2120 2956 2415 3021 resonat,
2464 2966 2665 3026 super

410 3043 602 3124 equis
649 3041 966 3123 equitant
991 3041 1040 3118 ;’'
1094 3040 1277 3124 quod
1324 3042 1460 3104 sint
1506 3043 2017 3123 impugnatores
2064 3043 2200 3104 veri
2248 3040 2665 3122 significatur

411 3153 528 3216 per
565 3135 758 3219 quod
796 3136 939 3197 “sit
977 3145 1254 3217 paratus
1293 3145 1366 3199 ut
1405 3137 1504 3198 vir
1534 3136 1622 3198 ad
1662 3134 1974 3199 bellum.”
2064 3135 2274 3218 Apud
2303 3135 2659 3209 Davidem,

507 3278 538 3300 ⁶·
552 3276 761 3326 Libera
779 3290 887 3325 me.
909 3277 999 3324 ,ab
1022 3276 1244 3324 homine
1261 3276 1420 3335 male,
1441 3286 1494 3326 et
1517 3291 1552 3325 a
1573 3276 1691 3325 viro
1710 3275 2086 3325 violentiarum
2106 3291 2265 3325 serva
2288 3289 2389 3334 me,
2410 3276 2499 3339 qui
2521 3277 2666 3338 cogi·

680 3349 806 3391 tant
832 3341 974 3390 mala
1009 3342 1062 3389 in
1092 3342 1270 3400 corde,
1301 3350 1416 3391 toto
1450 3342 1537 3390 die
1565 3351 1901 3404 congregant
1926 3341 1997 3390 ad
2024 3341 2178 3400 bella,
2208 3350 2535 3390 exacuerunt
2564 3342 2667 3390 lin-

673 3420 844 3470 guam
869 3421 1022 3456 suam
1046 3407 1184 3456 sicut
1207 3405 1530 3470 serpentes”
1553 3406 1665 3468 (Ps.
1690 3409 1791 3456 cxl.
1818 3419 1862 3466 2,
1888 3403 1961 3472 3[,
1986 3403 2043 3472 4]
2072 3404 2163 3472 [B.
2186 3409 2256 3456 A.
2285 3403 2455 3470 1-3]):

406 3560 526 3623 per
575 3538 994 3602 “hominem
1049 3537 1350 3602 malum'’
1397 3549 1466 3602 et
1517 3540 1788 3602 “virum
1836 3539 2360 3603 violentiarum”
2405 3537 2662 3621 signifi-

405 3644 654 3697 cantur
724 3633 839 3714 qui
903 3643 1302 3714 pervertunt
1369 3653 1530 3696 vera
1595 3632 1851 3711 Verbi;
1925 3635 2082 3696 “vir
2146 3633 2664 3696 violentiarum”

403 3729 674 3802 dicitur,
749 3727 861 3809 qui
919 3747 1008 3789 ex
1071 3746 1278 3807 prava
1335 3728 1717 3791 intentione
1777 3727 2172 3791 violentiam
2230 3727 2430 3790 insert
2488 3728 2664 3790 veris

405 3823 643 3899 Verbi,
672 3822 1138 3904 pervertendo
1168 3820 1322 3884 illa:
1371 3842 1578 3904 prava
1610 3823 1905 3886 intentio
1937 3821 2225 3904 amplius
2259 3820 2665 3885 describitur

401 3939 520 4000 per
561 3917 942 3998 “cogitare
989 3915 1168 3989 mala
1213 3917 1280 3978 in
1329 3915 1531 3979 corde
1559 3916 1610 3993 ;”
1666 3927 1737 3980 et
1783 3927 2171 3999 pervertere
2217 3937 2378 3980 vera
2424 3915 2659 3990 Verbi,

399 4034 520 4096 per
555 4019 785 4077 “toto
817 4011 924 4073 die
956 4029 1378 4092 congregare
1416 4031 1488 4074 se
1527 4010 1613 4073 ad
1648 4010 1830 4074 bella
1857 4011 1910 4074 :”
1952 4013 2511 4076 ratiocinationes
2545 4030 2666 4091 per

398 4129 566 4192 quas
629 4104 1064 4189 praevalent,
1114 4104 1578 4186 significantur
1636 4125 1755 4187 per
1811 4105 2050 4169 “bella
2073 4105 2127 4184 ;''
2191 4127 2395 4189 quare
2455 4107 2663 4169 etiam

398 4203 700 4276 additur,
787 4204 828 4231 “
858 4199 1300 4263 Exacuerunt
1372 4199 1675 4282 linguam
1746 4219 1937 4262 suam
2008 4200 2182 4263 sicut
2252 4199 2663 4281 serpente3.'’

398 4299 611 4379 Apud
653 4293 1091 4368 sachar-iam,

495 4435 526 4456 ‘⁰
543 4431 727 4482 Erunt
753 4429 894 4477 sicut
919 4436 1166 4490 potentes
1191 4429 1566 4480 conculcantes
1590 4443 1817 4480 coenum
1845 4429 2140 4492 platearum
2166 4430 2221 4478 in
2247 4429 2407 4488 bello,
2428 4437 2482 4478 et
2506 4443 2665 4490 proe-

664 4497 966 4552 liabuntur,
995 4495 1118 4557 quia
1143 4493 1390 4558 Jehovah
1419 4494 1474 4544 in
1504 4495 1623 4554 illis,
1653 4503 1707 4544 et
1735 4495 2009 4558 pudefient
2036 4495 2339 4558 equitantes
2367 4494 2519 4558 equis
2534 4493 2565 4514 ”
2587 4494 2660 4555 (x.

670 4562 758 4624 ⁵)=

395 4683 625 4764 agitur
671 4677 770 4743 ibi
827 4675 914 4740 de
958 4675 1260 4740 adventu
1307 4675 1600 4753 Domini,
1650 4686 1722 4741 et
1775 4676 1860 4740 de
1906 4676 2036 4741 illis
2080 4677 2193 4760 qui
2236 4676 2303 4739 in
2348 4675 2522 4738 veris
2567 4693 2657 4738 ex
