3259 5384
606 648 773 718 2192
1231 649 1730 702 APOCALYPSIS
1774 651 2222 704 EXPLICATA.
2315 719 2323 726 ·

606 815 773 878 data
810 824 969 880 sunt
1008 815 1341 882 Talenta:
1392 819 1479 883 de
1518 818 1685 883 Ficu
1721 821 1786 882 in
1826 820 2069 896 Vinea,
2111 840 2284 904 quae
2327 819 2836 885 exscinderetur

604 910 660 972 si
720 930 858 974 non
918 908 1201 976 frustum
1260 913 1500 978 ferret:
1568 915 1656 978 de
1702 913 2085 978 Vulnerato
2144 935 2186 978 a
2243 914 2678 991 LatronibuS,
2732 915 2835 978 cui

606 1001 945 1068 Samarita
975 1007 1501 1070 misericordiam
1535 1007 1717 1084 fecit,
1747 1009 1830 1072 de
1863 1029 1997 1090 quo
2025 1009 2358 1072 Dominus
2389 1009 2837 1090 interrogavit

608 1097 1073 1179 legisperitum
1105 1101 1251 1182 quis
1287 1101 1557 1165 illorum
1596 1103 1798 1166 trium
1845 1113 2029 1166 esset
2069 1103 2440 1185 proximus,
2479 1103 2592 1185 qui
2637 1103 2834 1175 dixit,

606 1191 798 1276 “Qui
832 1194 1355 1258 misericordiam
1389 1197 1795 1278 praestitit,”
1825 1199 1931 1260 cui
1961 1196 2154 1278 Jesus
2186 1197 2386 1272 dixit,
2425 1201 2467 1228 ‘⁴
2487 1195 2629 1259 Abi
2659 1207 2734 1258 tu
2765 1204 2836 1258 et

604 1287 707 1350 fac
743 1287 1049 1351 similiter
1072 1287 1125 1350 :’'
1156 1289 1241 1351 de
1275 1289 1511 1352 decem
1542 1289 1956 1371 VirginibuS,
1991 1309 2270 1373 quarum
2295 1291 2588 1372 quinque
2625 1288 2836 1352 habe·

603 1382 771 1444 bant
818 1380 1045 1444 oleum
1099 1383 1166 1445 in
1230 1383 1674 1465 lampadibuS,
1723 1395 1793 1446 et
1840 1384 2132 1466 quinque
2196 1402 2374 1462 non;
2425 1382 2707 1447 “oleum
2769 1384 2836 1447 in

607 1475 1031 1557 lampadibus
1046 1475 1077 1501 '⁹
1114 1475 1451 1558 significat
1491 1477 1899 1540 charitatem
1938 1478 2004 1539 in
2037 1476 2208 1540 fide:
2257 1487 2529 1561 praeter
2559 1477 2625 1540 in
2666 1476 2833 1540 aliis.

610 1567 987 1632 Duodecim
1023 1570 1230 1633 etiam
1254 1569 1561 1652 discipuli
1594 1569 1871 1634 Domini
1895 1579 2580 1652 repraesentaverunt
2613 1569 2834 1634 eccle-

603 1662 772 1725 siam
811 1662 1034 1745 quoad
1081 1664 1307 1726 omnia
1352 1663 1507 1727 fidei
1543 1672 1614 1727 et
1652 1663 2006 1727 charitatis
2052 1664 2119 1726 in
2169 1663 2578 1745 complexu:
2627 1673 2700 1728 et
2746 1685 2833 1727 ex

603 1757 735 1820 illis
774 1757 1030 1833 PetruS,
1063 1756 1357 1838 Jacobus
1396 1768 1466 1821 et
1497 1757 1848 1839 Johannes
1884 1767 2567 1842 repraesentaverunt
2607 1757 2830 1833 fidem,

606 1849 1037 1926 charitatem,
1088 1860 1157 1914 et
1203 1851 1385 1914 bona
1430 1871 1660 1933 opera,
1707 1853 1775 1914 in
1823 1871 1944 1914 suo
1990 1851 2266 1929 ordine;
2324 1851 2562 1915 Petrus
2607 1849 2830 1926 fidem,

602 1944 897 2026 Jacobus
942 1944 1373 2020 charitatem,
1422 1954 1493 2008 et
1537 1944 1888 2026 Johannes
1934 1945 2116 2009 bona
2160 1965 2404 2028 opera:
2452 1945 2611 2009 inde
2655 1945 2835 2028 quod

602 2035 933 2100 Dominus
964 2037 1216 2102 dixerit
1247 2037 1335 2100 ad
1370 2037 1667 2113 Petrum,
1702 2057 1855 2103 cum
1890 2038 2125 2102 Petrus
2155 2038 2419 2102 videret
2446 2037 2832 2120 Johannem

606 2131 793 2212 sequi
832 2130 1220 2207 Dominum,
2324 2161 2330 2166 ·

699 2263 884 2330 “Quid
909 2265 979 2314 ad
1013 2265 1113 2325 te,”
1142 2265 1333 2316 Petre?
1399 2265 1525 2315 “Tu
1560 2280 1784 2330 sequere
1812 2265 1953 2324 Me,”
1975 2265 2269 2330 JohanneS,
2295 2265 2508 2328 (Petrus
2534 2267 2678 2317 enim
2706 2265 2834 2315 dixit

860 2329 927 2379 de
950 2328 1213 2395 johanne,
1235 2333 1265 2354 ‘⁸
1280 2329 1421 2396 Quid
1443 2331 1529 2380 hie
1542 2330 1617 2392 ?”)
1641 2330 1790 2396 (Joh.
1815 2332 1918 2380 xxi.
1945 2343 2023 2390 21,
2047 2331 2148 2394 22,)
2336 2336 2339 2337 ’

602 2457 1053 2542 significabat,
1093 2459 1275 2543 quod
1322 2469 1766 2544 sequerentur
1813 2461 2201 2538 Dominum,
2249 2463 2362 2546 qui
2406 2462 2589 2526 bona
2633 2482 2834 2544 opera

601 2554 875 2617 faciunt.
948 2552 1123 2634 Quia
1138 2553 1485 2635 Johannes
1505 2555 1868 2618 ecclesiam
1887 2557 2109 2638 quoad
2137 2557 2318 2620 bona
2339 2577 2547 2638 opera
2566 2577 2831 2639 reprae-

602 2648 923 2722 sentavit,
952 2647 1106 2710 ideo
1131 2648 1245 2712 ille
1271 2648 1585 2712 accubuit
1609 2649 1697 2712 ad
1733 2647 1968 2731 peetus
2003 2650 2295 2714 Domini.
2377 2649 2582 2731 Quod
2615 2650 2832 2715 eccle—

605 2743 702 2804 sia
735 2742 824 2803 sit
856 2741 1035 2823 apud
1070 2741 1227 2804 illos
1264 2743 1375 2824 qui
1412 2742 1593 2804 bona
1631 2761 1839 2824 opera
1870 2743 2147 2819 faciunt,
2180 2745 2390 2807 etiam
2421 2743 2834 2826 significatur

607 2855 725 2917 per
760 2834 968 2898 verba
1007 2834 1284 2898 Domini
1320 2856 1359 2898 e
1396 2853 1594 2899 cruce
1631 2836 1718 2899 ad
1755 2835 2163 2917 Johannem,

696 2941 855 3032 Jesus
877 2967 1010 3016 vidit
1034 2975 1260 3017 matrem
1278 2981 1447 3026 suam.
1462 2978 1515 3017 et
1533 2968 1668 3018 dixit
1690 2969 1760 3017 ad
1783 2969 2100 3032 discipulum
2121 2984 2277 3033 quern
2302 2971 2531 3029 amabat,
2550 2971 2640 3034 qui
2663 2971 2834 3020 adsta-

862 3032 984 3090 bat;
1019 3042 1073 3080 et
1097 3033 1231 3082 dixit
1256 3033 1411 3081 matri
1436 3047 1579 3091 suae,
1600 3035 1631 3056 ‘¹
1648 3033 1844 3082 Mulier
1866 3049 1988 3082 ecce
2013 3034 2150 3083 filius
2169 3044 2325 3093 tuus:
2358 3043 2412 3084 et
2429 3036 2563 3085 dixit
2580 3035 2833 3098 discipulo

862 3097 953 3154 illi.
986 3097 1120 3148 Ecce
1145 3107 1315 3150 mater
1340 3107 1430 3148 tua
1450 3112 1462 3154 ς
1498 3107 1552 3148 et
1575 3113 1644 3148 ex
1669 3098 1760 3148 illa
1782 3099 1915 3147 hora
1938 3102 2141 3162 accepit
2165 3099 2312 3150 illam
2337 3100 2628 3162 discipulus
2657 3101 2744 3150 ille
2765 3101 2832 3149 ad

860 3161 965 3212 ιε’·
987 3163 1135 3227 (Jok.
1160 3163 1265 3213 xix.
1292 3163 1369 3222 26,
1397 3162 1479 3224 27)
1502 3177 1514 3223 ς

601 3315 721 3376 per
755 3313 927 3376 quae
964 3291 1473 3376 significabatur
1516 3295 1699 3377 quod
1735 3294 2025 3360 ecclesia
2061 3297 2190 3360 erit
2223 3296 2333 3360 ubi
2370 3296 2552 3360 bona
2586 3317 2829 3380 opera;

600 3407 719 3470 per
758 3387 1169 3451 “mulierem
1190 3387 1221 3413 ''
1270 3389 1471 3462 enim,
1520 3388 1832 3452 similiter
1876 3409 1996 3472 per
2035 3389 2448 3466 “matrem,”
2485 3391 2554 3453 in
2601 3389 2830 3455 Verbo

600 3479 1017 3563 significatur
1081 3482 1397 3546 ecclesia.
1492 3481 1686 3546 Haec
1747 3503 1783 3546 e
1851 3481 2052 3548 Novo
2114 3483 2609 3548 Testamento:
2677 3493 2834 3548 sunt

600 3576 821 3640 adhuc
858 3575 1051 3659 plura
1089 3577 1157 3638 in
1195 3575 1457 3652 Veteri,
1489 3577 1602 3676 ubi

699 3709 1095 3760 Benedicuntur
1120 3723 1309 3788 omnes
1334 3709 1421 3772 qui
1450 3718 1664 3786 statuta,
1687 3709 1886 3771 judicia
1911 3721 1965 3788 et
1993 3721 2288 3824 precem
2296 3711 2605 3789 custodiunt
2626 3720 2682 3762 et
2710 3711 2836 3790 faei-

858 3783 971 3832 unt.
990 3783 1045 3823 et
1069 3775 1455 3824 maledicuntur
1468 3789 1557 3838 qui
1581 3775 1675 3823 illa
1697 3789 1807 3824 non
1832 3775 2036 3824 faciunt
2055 3777 2136 3836 (ut
2287 3783 2321 3825 t.
2339 3791 2486 3826 xviii.
2507 3789 2536 3836 5
2556 3791 2569 3835 ;
2602 3791 2718 3841 cap.
2732 3792 2835 3827 xix.

860 3850 955 3900 37:
990 3854 1104 3903 cap.
1122 3853 1207 3888 xx.
1229 3839 1291 3897 8;
1326 3853 1439 3902 cap.
1458 3839 1583 3888 xxii.
1604 3851 1796 3900 31—33;
1839 3854 1949 3903 cap.
1969 3841 2109 3890 xxvi.
2133 3837 2202 3905 [3,
2253 3854 2301 3901 4.
2322 3854 2397 3901 14.
2420 3853 2510 3902 15:
2559 3843 2727 3891 Num.
2749 3856 2836 3892 xv.

860 3917 939 3966 39,
962 3917 1055 3964 40:
1090 3904 1275 3954 Deutr,
1294 3919 1343 3953 ν.
1368 3917 1415 3966 9,
1437 3917 1528 3961 10;
1562 3919 1677 3966 cap.
1696 3905 1765 3954 vi.
1786 3917 1846 3965 25
1869 3920 1881 3963 ;
1916 3919 2029 3968 cap.
2053 3903 2190 3956 xv.1¹
2213 3917 2240 3966 5
2261 3921 2274 3966 ;
2309 3921 2422 3970 cap.
2447 3906 2574 3956 xvii.
2597 3919 2690 3969 19;
2724 3921 2836 3970 cap.

857 3969 1017 4019 xxvii.
1038 3969 1131 4018 26:
1179 3978 1234 4018 et
1257 3969 1311 4018 in
1338 3969 1482 4018 mille
1506 3969 1625 4018 aliis
1650 3968 1815 4030 locis).

602 4101 875 4164 Praeter
896 4099 1014 4162 illa
1045 4099 1198 4162 loca
1222 4100 1288 4163 in
1308 4098 1549 4168 ,Verbo
1581 4100 1692 4163 ubi
1723 4097 2008 4164 “fasta”
2032 4111 2104 4165 et
2143 4101 2472 4166 “facere'’
2495 4102 2834 4180 dicuntur,

602 4195 813 4258 etiam
856 4203 1016 4256 sunt
1063 4193 1374 4275 perplura
1420 4194 1530 4256 ubi
1583 4195 1875 4258 “amor'’
1911 4204 1982 4258 et
2031 4199 2318 4259 “amare
2339 4195 2370 4220 ”
2415 4195 2705 4274 dicitur;
2761 4207 2832 4261 et

600 4308 718 4369 per
746 4292 1031 4350 “amare
1049 4286 1079 4310 ”
1103 4285 1508 4368 intelligitur
1546 4287 1766 4350 simile
1805 4288 1985 4370 quod
2021 4309 2142 4370 per
2171 4288 2508 4364 “sacere,”
2533 4309 2692 4354 nam
2723 4291 2835 4372 qui

600 4390 786 4444 amat
818 4381 874 4444 is
905 4380 1064 4444 facit
1090 4401 1106 4457 ;
1146 4399 1377 4442 amare
1411 4381 1590 4444 enim
1623 4391 1731 4444 est
1756 4380 1955 4456 velle,
1983 4401 2141 4445 nam
2167 4383 2447 4465 quisque
2471 4383 2619 4447 vult
2651 4384 2831 4466 quod

599 4475 879 4538 interius
910 4482 1138 4551 amat3
1186 4482 1255 4536 et
1290 4473 1469 4537 velle
1500 4483 1607 4538 est
1646 4473 1888 4549 facere,
1922 4477 2203 4558 quisque
2238 4477 2419 4539 enim
2457 4476 2616 4541 facit
2651 4476 2830 4560 quod

601 4567 771 4643 vult,
827 4567 1100 4650 quando
1158 4577 1433 4649 potest3
1498 4565 1749 4632 fafitum
1811 4571 2018 4632 etiam
2085 4589 2222 4633 non
2286 4579 2394 4634 est
2453 4571 2579 4634 nisi
2631 4587 2828 4656 quam
