3259 5384
537 559 702 640 1996
1147 570 1655 626 APOCALYPSIS
1698 573 2151 626 EXPLICATA.

533 737 818 812 “filios'ff
858 737 1332 822 significantur
1374 761 1560 816 vera,
1606 742 1858 806 dicitur
1899 742 2083 825 quod
2132 746 2541 825 “ponentur
2590 742 2769 805 sicut

528 833 799 914 gladius
862 835 1172 916 potentis
1197 834 1252 913 ;”
1312 835 1644 918 “gladius
1711 837 2021 918 potentis
2040 835 2073 860 ”
2130 834 2473 918 significat
2530 854 2768 900 verum

529 934 857 1010 potenter
893 928 1261 992 destruens
1295 927 1564 992 salsum.
1649 929 1865 1012 Apud
1898 928 2211 1005 Esaiam,

631 1057 938 1110 “Excitabo
971 1069 1161 1110 contra
1191 1060 1316 1111 illos
1353 1059 1614 1121 Medum„
1635 1098 1648 1112 .
1667 1098 1681 1112 .
1700 1075 1951 1126 .quorum
1984 1075 2140 1112 arcus
2179 1061 2407 1124 iuvenes
2444 1061 2685 1122 allident,
2718 1069 2772 1111 et

796 1122 1002 1176 fructus
1024 1125 1232 1176 ventris
1255 1139 1366 1176 non
1394 1127 1807 1188 miserebuntur,
1824 1127 1950 1178 filiis
1968 1141 2079 1177 non
2102 1136 2287 1190 parcet
2308 1128 2495 1178 oculus
2513 1127 2727 1178 illorum
2741 1125 2772 1147 '⁹

792 1189 923 1252 (xiii.
953 1201 1031 1252 17,
1057 1191 1168 1254 18):

529 1312 852 1395 quoniam
911 1333 1034 1394 per
1094 1311 1439 1378 “Medum
1455 1313 1488 1339 ”
1541 1313 2034 1396 intelliguntur
2086 1315 2202 1397 qui
2256 1313 2451 1378 nihili
2510 1313 2770 1378 faciunt

527 1425 693 1470 vera
749 1415 822 1470 et
879 1406 1064 1470 bona
1115 1407 1480 1482 ecclesiae,
1530 1407 1691 1471 ideo
1740 1409 1957 1472 etiam
2008 1408 2279 1483 dicitur,
2330 1407 2580 1472 “Filiis
2632 1426 2769 1471 non

530 1508 766 1581 parcet
809 1499 1052 1563 oculus
1093 1500 1394 1576 eorum,”
1435 1499 1608 1564 “filii
1625 1499 1658 1526 '³
1693 1520 1990 1584 namque
2032 1510 2194 1565 sunt
2238 1521 2404 1565 vera
2441 1499 2657 1565 Verbi
2698 1510 2771 1565 et

529 1588 888 1654 ecclesiae.
1001 1605 1122 1666 (sed
1164 1605 1286 1653 mc
1325 1605 1578 1653 viduum·
1613 1619 1777 1666 supa.
1820 1619 1871 1654 n.
1910 1605 2133 1672 710[c]·
2172 1606 2448 1667 emtam.)
2554 1589 2771 1673 Apud

531 1681 931 1759 Jeremiam,

629 1811 660 1832 ‘⁸
671 1809 720 1860 T
721 1809 990 1859 entorium
1015 1823 1196 1859 meum
1221 1809 1558 1860 devastatum
1584 1818 1687 1869 est,
1710 1819 1766 1860 et
1790 1825 1987 1860 omnes
2014 1810 2173 1860 funes
2200 1810 2308 1861 mei
2333 1809 2521 1870 evulsi,
2546 1809 2640 1860 fini
2666 1809 2771 1860 mei

791 1875 1073 1926 exiverunt
1095 1890 1130 1924 a
1152 1874 1264 1932 Me,
1287 1884 1343 1926 et
1367 1889 1476 1924 non
1501 1875 1578 1926 illi
1593 1875 1622 1896 ”
1646 1875 1717 1938 (x.
1744 1876 1857 1938 20):

531 2020 652 2082 per
705 2001 1141 2064 “tentorium
1161 1999 1192 2026 ”
1249 2001 1434 2083 quod
1496 2001 1942 2065 devastatum
1999 2000 2423 2084 significatur
2478 2001 2773 2065 ecclesia

527 2094 754 2176 quoad
792 2095 1050 2158 bonum
1089 2095 1343 2158 amoris
1379 2104 1452 2158 et
1486 2114 1579 2159 ex
1615 2116 1703 2158 eo
1737 2095 2023 2170 cultum,
2064 2096 2287 2158 omnis
2324 2095 2507 2158 enim
2544 2093 2771 2159 cultus

526 2189 909 2271 antiquitus
946 2187 1267 2270 peractus
1303 2198 1412 2252 est
1450 2190 1520 2252 in
1555 2191 1899 2265 tentoriiS,
1939 2199 2011 2253 et
2047 2199 2296 2272 postea
2331 2191 2399 2252 in
2436 2189 2773 2254 Tentorio

529 2293 940 2357 conventus„
985 2283 1056 2346 in
1099 2301 1388 2365 quorum
1435 2284 1841 2348 memoriam
1886 2284 2281 2349 institutum
2327 2294 2437 2348 est
2486 2283 2772 2348 Festum

527 2375 1018 2440 Tentoriorum
1077 2395 1201 2440 seu
1256 2374 1896 2442 Tabernaculorum
1931 2399 1947 2456 ;
2018 2384 2059 2411 ‘⁶
2084 2396 2327 2442 omnes
2384 2377 2580 2440 funes
2640 2377 2773 2442 mei

528 2470 744 2535 evulsi
760 2469 794 2496 ’'
822 2470 1165 2552 significat
1201 2471 1386 2556 quod
1423 2490 1562 2535 non
1595 2470 1989 2552 conjunctio
2026 2473 2169 2535 veri
2204 2491 2360 2536 cum
2396 2473 2607 2546 bono,
2644 2490 2770 2534 nec

526 2565 898 2628 veritatum
925 2565 1105 2628 inter
1133 2583 1232 2640 se,
1259 2583 1435 2647 quae
1461 2565 1558 2628 sic
1583 2565 1917 2647 dilapsae,
1938 2576 2012 2628 et
2036 2565 2195 2628 inde
2220 2584 2358 2629 non
2384 2563 2773 2646 conjunctio

528 2657 702 2721 caeli
734 2677 890 2720 cum
927 2658 1267 2738 ecclesia3
1315 2657 1491 2721 “filii
1528 2659 1662 2722 mei
1694 2659 2063 2724 exiverunt
2092 2679 2133 2722 a
2166 2658 2304 2733 Me,
2336 2669 2411 2722 et
2443 2678 2583 2722 non
2614 2657 2774 2734 iui,”

529 2749 874 2832 significat
909 2751 1095 2834 quod
1131 2771 1297 2816 vera
1331 2751 1671 2816 ecclesiae
1716 2772 1807 2816 ex
1844 2751 2086 2816 Verbo
2122 2752 2461 2835 dissipata
2500 2753 2663 2828 sint,
2700 2761 2774 2816 et

528 2843 714 2927 quod
749 2845 843 2909 sic
883 2844 1094 2909 homo
1132 2865 1205 2909 se
1239 2845 1615 2909 removerit
1651 2865 1692 2908 a
1730 2845 2053 2909 Domino.
2138 2844 2354 2927 Apud
2390 2844 2711 2920 eundem,

628 2973 812 3026 “Ecce
837 2973 954 3038 Ego
977 2975 1240 3026 reducens
1263 2975 1635 3038 captivitatem
1662 2975 2017 3026 tentoriorum
2042 2975 2246 3041 Jacobi,
2269 2984 2326 3025 et
2348 2975 2772 3025 habitaculorum

789 3040 907 3104 ejus
937 3041 1246 3101 miserebor,
1271 3049 1332 3091 ut
1357 3041 1667 3091 aedificetur
1697 3044 1823 3091 urbs
1848 3055 2015 3104 super
2041 3041 2248 3091 tumulo
2284 3055 2399 3100 su0,
2428 3051 2483 3091 et
2518 3041 2773 3103 palatium

789 3105 943 3170 juxta
965 3121 1170 3156 morem
1196 3120 1352 3156 suum
1377 3106 1703 3156 habitabitur
1724 3122 1759 3166 ;.
1781 3144 1793 3157 .
1812 3143 1825 3156 .
1847 3116 1924 3156 .et
1948 3117 2105 3156 erunt
2132 3106 2224 3155 filii
2251 3106 2369 3168 ejus
2392 3107 2530 3155 sicut
2553 3105 2699 3166 olim,
2722 3113 2774 3155 et

788 3172 1138 3236 congregatio
1160 3171 1280 3234 ejus
1303 3185 1484 3222 coram
1513 3171 1605 3222 Me
1630 3173 1901 3222 constabit
1916 3170 1946 3192 '⁹
1969 3170 2113 3234 (xxx.
2142 3172 2217 3230 18,
2244 3171 2360 3235 20)<:

528 3321 650 3384 per
693 3301 1056 3366 “tentoria
1099 3299 1391 3383 Jacobi”
1435 3310 1507 3365 et
1555 3299 2065 3365 “habitacula”
2106 3299 2250 3381 ejus
2302 3299 2775 3382 significantur

528 3395 762 3458 omnia
809 3394 1146 3459 ecclesiae
1194 3404 1266 3458 et
1327 3393 1470 3476 ejus
1529 3394 1911 3471 doctrinae,
1966 3414 2087 3477 per
2134 3394 2497 3457 “tentoria
2515 3392 2550 3418 ”
2591 3393 2776 3457 bona

529 3489 695 3572 ejuS,
741 3497 814 3552 et
865 3509 986 3570 per
1021 3487 1530 3552 “habitacula''
1564 3506 1730 3551 vera
1772 3487 1960 3570 ejus:
2021 3508 2143 3571 per
2190 3479 2777 3570 “captivitatem’'

527 3582 804 3646 illorum
859 3581 1286 3664 significatur
1342 3582 1715 3665 captivitas
1771 3580 2168 3665 spiritualiS,
2224 3602 2400 3664 quae
2456 3589 2565 3645 est
2620 3599 2773 3645 cum

530 3687 815 3759 propter
849 3675 1046 3752 falsa,
1084 3696 1262 3758 quae
1299 3684 1626 3759 regnant,
1665 3695 1830 3738 vera
1867 3685 1937 3738 et
1969 3675 2154 3738 bona
2190 3673 2407 3740 Verbi
2438 3696 2577 3738 non
2615 3695 2775 3759 pos·

529 3780 692 3836 sunt
736 3771 1032 3852 percipi:
1091 3767 1264 3832 falsa
1308 3770 1657 3834 discutere
1706 3777 1779 3833 et
1822 3789 1985 3833 vera
2028 3769 2303 3844 docere,
2350 3767 2777 3850 significatur

530 3884 652 3947 per
697 3863 1083 3926 “reducere
1128 3864 1614 3944 captivitatem
1640 3861 1695 3926 :”
1742 3869 1879 3926 “ut
1923 3861 2325 3926 aedificetur
2367 3863 2527 3925 urbs
2573 3882 2778 3944 super

532 3958 802 4023 tumulo
845 3954 1032 4031 su0,”
1063 3956 1408 4039 significat
1451 3956 1841 4021 doctrinam
1889 3977 1980 4019 ex
2024 3957 2205 4020 veris
2248 3977 2369 4038 per
2410 3955 2585 4019 falsa
2628 3956 2775 4019 eol-

532 4052 798 4134 lapsam
825 4071 842 4131 ;
891 4058 932 4088 “
952 4049 1113 4112 urbs
1135 4049 1166 4076 ”
1197 4059 1307 4114 est
1339 4049 1695 4114 doctrina:
1746 4057 1787 4084 ‘⁴
1807 4060 1877 4114 et
1916 4049 2252 4132 palatium
2277 4049 2481 4130 juxta
2513 4067 2773 4114 morem

532 4166 729 4209 suum
765 4146 1196 4210 habitabitur
1211 4143 1243 4170 ”
1277 4143 1624 4226 significat
1661 4142 2097 4207 intellectum
2134 4143 2561 4225 spiritualem
2597 4141 2775 4206 veri-

532 4247 782 4315 tatum,
835 4240 1014 4303 sicut
1070 4237 1254 4321 apud
1305 4237 1671 4320 antiquos3
1730 4234 2175 4320 “palatium’'
2216 4241 2327 4300 est
2379 4235 2775 4299 intellectus

533 4333 904 4398 veritatum
957 4330 1436 4416 spiritualium,
1483 4349 1645 4394 nam
1702 4331 1771 4394 in
1826 4328 2189 4394 intellectu
2240 4339 2399 4393 sunt
2442 4328 2774 4392 veritates

531 4427 924 4510 spirituales
959 4428 1027 4490 in
1056 4426 1196 4489 suis
1223 4425 1482 4501 formiS,
1515 4444 1691 4507 quae
1722 4432 2087 4507 apparent,
2120 4443 2273 4487 cum
2306 4424 2407 4485 ita
2436 4423 2775 4504 sistuntur

527 4521 891 4597 videndae,
947 4521 1126 4584 sicut
1182 4519 1484 4602 palatia:
1545 4523 1808 4582 “erunt
1858 4517 1977 4580 filii
2028 4516 2173 4599 ejus
2220 4518 2397 4580 sicut
2454 4515 2643 4592 olim,
2699 4522 2771 4578 et
