3259 5384
647 640 728 690 22
742 641 819 690 10
1270 640 1774 695 APOCALYPSIS
1820 644 2092 696 EXPLIC
2101 644 2276 697 ATA.

645 806 1025 884 instructio,
1046 810 1487 891 praedicatiO,
1504 822 1574 875 et
1596 814 2052 889 ratiocinatio,
2073 815 2432 878 destruens
2451 814 2632 879 bona
2645 812 2864 891 Verbi;

646 922 855 983 quare
892 903 1156 967 dicetur
1191 925 1309 987 per
1341 907 1499 990 quid
1538 907 1832 970 destruit
1862 928 1876 971 ε
1927 907 2218 971 destruit
2258 908 2374 972 illa
2411 909 2733 991 imprimis
2761 929 2866 991 per

645 995 736 1069 id,
772 998 953 1079 quod
986 998 1234 1062 doceat
1272 1000 1452 1082 quod
1488 999 1657 1063 fides
1695 999 1952 1085 absque
1984 1002 2182 1064 bonis
2221 1003 2534 1084 operibus
2561 1000 2866 1084 justificet

646 1098 717 1153 et
774 1089 1019 1165 salvet,
1070 1101 1141 1156 et
1197 1092 1365 1157 illud
1414 1115 1531 1177 per
1578 1095 1708 1159 hoc
1755 1096 2193 1159 ratiocinium
2252 1095 2682 1171 confirmant,
2724 1097 2868 1178 quia

651 1204 853 1249 nemo
878 1196 1111 1269 potest
1137 1188 1389 1253 bonum
1418 1189 1638 1253 facere
1663 1211 1756 1254 ex
1781 1210 1876 1263 se,
1905 1200 1976 1253 et
2001 1192 2157 1274 quia
2189 1191 2441 1255 bonum
2467 1192 2662 1275 quod·
2678 1191 2869 1253 homo

648 1278 810 1343 facit
844 1300 933 1343 ex
966 1301 1041 1343 se
1072 1301 1208 1344 non
1243 1284 1459 1363 possit
1494 1302 1629 1347 non
1663 1304 1815 1347 esse
1847 1285 2264 1348 meritorium
2291 1306 2307 1362 ;
2353 1294 2424 1347 et
2458 1284 2590 1347 hoc
2621 1304 2870 1367 quoque

647 1372 1137 1437 constabiliunt
1164 1395 1254 1438 ex
1282 1375 1535 1451 Verb0,
1564 1378 1890 1459 imprimis
1913 1395 2001 1441 ex
2031 1377 2395 1443 Pharisaeo
2419 1388 2490 1441 et
2518 1377 2872 1442 Publicano

654 1467 1006 1530 orantibus
1044 1470 1110 1531 in
1144 1468 1459 1553 Temp10,

755 1618 911 1684 Quod
934 1621 1021 1671 hic
1044 1620 1363 1684 justificatus
1393 1624 1463 1673 sit
1498 1624 1672 1673 solum
1709 1639 1806 1687 per
1833 1626 1974 1689 quod
2009 1626 2218 1685 dixerit,
2247 1624 2438 1677 “Deus
2473 1626 2736 1689 propitius
2766 1636 2877 1675 esto

912 1687 1043 1735 mihi
1073 1690 1338 1749 peccatori
1360 1688 1406 1747 ;”
1434 1699 1486 1739 et
1516 1692 1658 1753 quod
1687 1690 2006 1743 Pharisaeus
2037 1701 2144 1739 non
2175 1690 2492 1752 justificatus
2520 1691 2606 1749 sit,
2631 1692 2719 1754 qui
2752 1691 2876 1739 dixit

914 1766 971 1801 se
1009 1768 1119 1801 non
1155 1768 1417 1815 rapacem,
1448 1754 1706 1816 injustum
1732 1764 1786 1805 et
1812 1756 2110 1805 adulterum
2148 1770 2283 1813 esse,
2319 1756 2456 1805 sicut
2493 1756 2696 1819 reliqui,
2730 1764 2782 1805 et
2817 1770 2875 1807 se

912 1816 1187 1880 jejunasse
1206 1818 1287 1867 bis
1312 1820 1365 1867 in
1387 1821 1704 1881 septimana,
1725 1831 1778 1870 et
1801 1821 2010 1869 dedisse
2029 1821 2265 1871 decimas
2290 1821 2532 1871 omnium
2552 1836 2688 1885 quae
2705 1834 2878 1884 posse·

914 1882 991 1932 dit
1015 1882 1161 1945 (Luc.
1184 1884 1330 1934 xviii.
1353 1885 1533 1947 10-14)
1557 1899 1569 1943 ;

653 2026 725 2083 et
758 2038 1023 2102 quoque
1056 2040 1147 2082 ex
1184 2018 1289 2081 his
1322 2018 1598 2083 Domini
1626 2019 1872 2097 verbiS,

755 2156 784 2176 ⁸⁸
802 2152 942 2203 Num
959 2152 989 2173 '⁹
1019 2152 1285 2203 Dominus
1322 2154 1594 2215 “gratiam
1622 2154 1788 2202 habet
1814 2168 1995 2205 servo.
2015 2190 2052 2212 .,
2081 2156 2224 2217 quod
2258 2153 2444 2205 fecerit
2465 2169 2604 2218 quae
2639 2156 2884 2205 mandata

914 2228 1039 2267 sunt
1066 2219 1175 2269 illi?
1228 2218 1349 2267 Non
1371 2232 1521 2267 reor:
1558 2218 1636 2267 sic
1657 2220 1818 2267 etiam
1838 2233 1952 2275 νος,
1971 2234 2091 2268 cum
2117 2220 2350 2269 feceritis
2373 2220 2559 2269 omnia
2580 2235 2718 2283 quae
2741 2235 2884 2269 man-

913 2284 1039 2333 data
1063 2294 1189 2333 sunt
1208 2284 1379 2343 vobis,
1394 2284 1570 2333 dicitis
1592 2284 1778 2346 ntique
1799 2284 1942 2333 servi
1967 2285 2184 2333 inutiles
2207 2298 2408 2344 sumus,
2427 2286 2553 2349 quia
2570 2286 2714 2348 quod
2735 2286 2886 2335 debe·

914 2351 1103 2399 bamus
1130 2349 1305 2399 facere
1328 2349 1553 2399 fecimus
1567 2348 1595 2368 '³
1620 2346 1768 2411 (Luc.
1791 2349 1918 2399 xvii.
1943 2364 1990 2412 9,
2019 2351 2128 2411 10):

653 2513 725 2566 at
753 2504 863 2586 qui
896 2523 983 2565 ex
1017 2502 1123 2564 his
1155 2498 1572 2564 concludunt
1604 2501 1787 2584 quod
1825 2500 1990 2563 nihil
2017 2500 2521 2583 justificationis
2554 2510 2624 2564 et
2667 2500 2884 2565 salva-

656 2598 862 2659 tionis
895 2596 981 2659 sit
1015 2596 1080 2657 in
1115 2596 1309 2659 bonis
1342 2595 1676 2677 operibuS‚
1704 2594 1825 2658 sed
1858 2595 1924 2657 in
1957 2592 2104 2657 sola
2131 2593 2282 2665 fide.
2313 2596 2614 2659 maxime
2637 2604 2883 2669 errant,

658 2709 794 2752 non
833 2690 1055 2753 sciunt
1103 2690 1281 2752 enim
1320 2688 1479 2771 quid
1526 2698 1686 2752 sunt
1724 2689 1904 2751 bona
1937 2708 2162 2770 opera.
2253 2686 2427 2752 Sunt
2464 2690 2645 2752 enim
2688 2709 2888 2771 opera

656 2804 829 2865 quae
863 2782 1027 2847 fiunt
1055 2783 1143 2848 ab
1173 2784 1449 2846 homine
1479 2805 1495 2862 ;
1543 2783 1713 2846 haec
1747 2802 1883 2845 non
1916 2782 2099 2845 bona
2133 2794 2290 2846 sunt
2319 2801 2333 2845 :
2383 2792 2454 2846 et
2485 2791 2648 2846 sunt
2688 2802 2890 2865 opera

656 2898 827 2960 quae
873 2876 1042 2941 fiunt
1089 2898 1129 2940 a
1176 2876 1473 2941 Domino
1520 2898 1639 2960 per
1684 2876 2054 2951 hominem,
2104 2886 2173 2939 et
2235 2876 2404 2940 haec
2462 2876 2646 2939 bona
2692 2886 2886 2940 sunt:

657 2988 941 3059 utraque
988 2997 1197 3059 usque
1244 2978 1310 3067 ip
1358 2984 1650 3039 externa
1703 2975 1919 3039 forma
1965 2985 2298 3057 apparent
2343 2974 2608 3049 similia,
2657 2975 2778 3038 sed
2822 2974 2890 3037 in

655 3073 925 3135 interna
971 3080 1128 3133 sunt
1176 3090 1449 3152 prorsus
1493 3068 1865 3132 dissimilia.
1972 3066 2200 3150 Opera
2257 3089 2430 3151 quae
2493 3068 2891 3132 Pharisaeus

656 3166 1016 3240 recensuit,
1056 3173 1251 3229 erant
1290 3184 1497 3245 opera
1532 3163 1622 3227 ab
1667 3166 1835 3245 ipso,
1874 3174 1945 3225 et
1993 3163 2151 3225 inde
2188 3182 2456 3246 quoque
2503 3163 2889 3241 meritoria;

660 3259 969 3323 similiter
1006 3279 1214 3342 opera
1250 3279 1422 3340 quae
1468 3278 1559 3321 ex
1606 3257 1939 3321 mandato
1983 3256 2238 3319 faciunt
2285 3256 2482 3331 servi,
2522 3256 2894 3340 qui-usque

659 3354 973 3417 dicuntur
1007 3352 1300 3415 inutiles.
1392 3350 1590 3415 Nunc
1622 3351 1854 3433 itaque
1886 3349 2152 3414 dicetur
2183 3350 2530 3433 quomodo
2568 3369 2778 3431 opera
2808 3350 2896 3413 ab

658 3449 809 3530 ipso
862 3447 1139 3511 homine
1198 3444 1388 3519 fiunt,
1452 3456 1521 3509 et
1582 3444 1929 3528 quomodo
1990 3464 2197 3526 opera
2255 3464 2295 3507 a
2355 3443 2655 3507 Domino
2713 3443 2894 3526 apud

659 3542 1027 3615 hominem,
1055 3551 1203 3604 tum
1227 3539 1572 3621 quomodo
1596 3539 1766 3602 haec
1793 3538 1883 3601 ab
1911 3538 2043 3601 illis
2075 3540 2587 3620 dignoscuntur.
2678 3536 2896 3621 Supra

661 3654 731 3711 (n.
752 3652 977 3718 790[b])
1008 3646 1368 3700 ostensum
1398 3644 1506 3698 est
1533 3634 1715 3716 quod
1749 3632 2009 3697 homini
2038 3633 2242 3696 binae
2275 3640 2547 3697 mentes
2572 3632 2734 3707 sint,
2761 3653 2897 3699 una

660 3733 1049 3819 spirituali5‚
1077 3732 1295 3797 altera
1321 3731 1685 3795 naturalis:
1728 3750 1921 3795 mens
1947 3729 2314 3812 spiritualis
2345 3738 2452 3793 est
2486 3750 2661 3811 quae
2687 3750 2898 3795 voca-

661 3840 771 3893 tur
802 3830 1106 3894 internus
1138 3837 1209 3892 et
1242 3825 1607 3909 spiritualis
1631 3823 1863 3900 h0m0,
1892 3834 1962 3887 et
1997 3844 2190 3889 mens
2223 3824 2550 3887 naturalis
2583 3833 2690 3887 est
2721 3845 2900 3907 quae

660 3936 950 3989 vocatur
980 3934 1308 3987 externus
1341 3931 1412 3987 et
1444 3919 1773 3985 naturalis
1805 3921 2054 3983 homo:
2105 3930 2175 3983 et
2207 3921 2361 4003 quia
2393 3918 2652 3983 homini
2683 3919 2902 3983 inter-

663 4039 823 4084 num
884 4016 1233 4101 spirituale
1289 4026 1397 4080 est
1466 4025 1539 4080 et
1597 4026 1960 4079 externum
2021 4013 2352 4089 naturale,
2413 4032 2492 4077 ac
2552 4013 2902 4077 internum

663 4110 1097 4195 conjunctum
1130 4120 1237 4174 est
1274 4111 1468 4175 caelo
1504 4119 1577 4174 et
1614 4120 1978 4174 externum
2011 4104 2446 4189 conjunctum
2478 4115 2585 4169 est
2617 4108 2902 4183 munde,

662 4210 965 4291 sequitur
1015 4206 1197 4290 quod
1251 4204 1566 4289 quicquid
1627 4203 1838 4268 homo
1897 4203 2060 4267 facit
2119 4224 2210 4266 ex
2269 4201 2388 4265 illo
2448 4202 2720 4264 interno
2785 4222 2906 4284 per

663 4315 1047 4377 externum,
1106 4300 1238 4364 hoc
1298 4300 1503 4363 saciat
1562 4320 1653 4362 ex
1713 4297 1928 4375 caele,
1986 4296 2117 4362 hoc
2178 4306 2307 4373 est,
2363 4317 2483 4378 per
2535 4294 2814 4359 caelum
2865 4316 2907 4361 a

664 4397 965 4461 Domino
989 4416 1003 4472 ;
1038 4404 1111 4459 at
1135 4394 1451 4477 quicquid
1478 4393 1690 4457 homo
1707 4391 1868 4456 facit
1895 4393 1982 4455 ab
2006 4402 2300 4455 externo
2320 4392 2574 4473 absque
2601 4389 2903 4465 interno,

663 4492 794 4555 hoc
827 4490 1037 4553 faciat
1069 4489 1279 4552 homo
1311 4510 1401 4553 ex
1435 4508 1528 4552 se.
1622 4486 1776 4552 Hoc
1810 4486 2217 4569 intelligitur
2241 4506 2358 4571 per
2383 4484 2662 4548 Domini
2694 4488 2908 4555 verba

663 4584 843 4669 apud
878 4582 1147 4661 Lucam,
