3259 5384
667 653 830 738 1946
1278 665 1781 720 APoeALYPsis
1826 668 2279 721 EXPLICATA.
2320 690 2331 701 ·

655 835 842 900 bono
865 837 932 900 in
965 856 1085 900 sua
1109 836 1408 900 essentia
1431 846 1536 900 est
1562 837 1818 900 bonum
1839 838 2209 920 spirituale.
2300 838 2453 903 Hoc
2480 839 2895 922 significatur

656 949 778 1012 per
843 936 1286 1012 “aperturam
1352 931 1583 1006 uteri,''
1653 933 2239 1014 “primogenitum
2304 935 2737 1010 masculum,”
2802 955 2891 998 ex

656 1043 860 1087 causa
888 1026 1044 1107 quia
1074 1035 1306 1087 uterus
1335 1027 1825 1107 correspondet
1856 1028 2097 1090 intimo
2128 1027 2341 1090 amori
2372 1028 2755 1112 conjug-iali,
2783 1032 2893 1112 qui

657 1119 724 1180 in
763 1137 884 1181 sua
919 1119 1220 1182 essentia
1255 1127 1364 1182 est
1409 1137 1600 1182 amor
1638 1119 1993 1200 caelestis3
2046 1131 2119 1185 et
2164 1141 2255 1184 ex
2301 1121 2431 1186 hoc
2468 1142 2701 1186 amore
2736 1143 2893 1204 pro-

655 1213 926 1276 ducitur
955 1213 1212 1276 bonum
1249 1214 1616 1294 spirituale,
1657 1214 1841 1297 quod
1878 1215 1947 1278 in
1985 1235 2105 1278 sua
2136 1215 2353 1280 forma
2388 1227 2495 1280 est
2534 1235 2763 1280 verum
2802 1238 2893 1282 ex

655 1308 859 1384 bono,
899 1327 979 1371 ac
1027 1309 1094 1371 in
1139 1310 1365 1389 specie
1410 1309 1478 1372 id
1515 1329 1751 1372 verum
1796 1331 1887 1373 ex
1934 1310 2119 1374 bono
2162 1311 2345 1393 quod
2390 1303 2695 1394 principii
2740 1311 2893 1376 loco

655 1412 763 1467 est
809 1403 1122 1484 reliquis;
1183 1402 1366 1485 quod
1413 1403 1717 1485 principii
1763 1403 1919 1468 loco
1962 1414 2090 1481 est,
2138 1405 2207 1468 id
2258 1407 2327 1468 in
2372 1406 2893 1470 succedentibus

655 1505 762 1560 est
795 1516 1002 1560 omne
1037 1498 1260 1579 quoad
1298 1497 1665 1561 essentiale
1702 1497 1990 1574 illorum,
2028 1500 2185 1581 quia
2222 1501 2289 1562 id
2334 1499 2403 1562 in
2450 1501 2555 1564 his
2589 1509 2697 1564 est
2734 1521 2890 1583 reg-

653 1609 846 1654 nans.
932 1590 1276 1672 >Quoniam
1329 1591 1458 1654 hoc
1511 1591 1933 1674 significatur
1991 1612 2111 1673 per
2165 1598 2609 1675 “aperturam
2661 1594 2893 1670 uteri,''

653 1706 772 1748 seu
821 1687 1408 1768 “primogenitum
1453 1686 1889 1761 masculum‚”
1933 1687 2088 1750 ideo
2132 1687 2198 1750 id
2245 1685 2741 1752 sanCtificatum
2786 1698 2891 1753 est

651 1777 974 1860 Jehovae,
1022 1790 1094 1844 et
1139 1799 1259 1862 per
1309 1780 1377 1843 id
1423 1781 1630 1843 etiam
1676 1777 2079 1844 sanctificati
2124 1780 2390 1845 fuerunt
2436 1801 2675 1845 omnes
2718 1783 2892 1846 fetus

652 1885 1037 1956 sequentes,
1127 1873 1494 1938 Sciendum
1549 1883 1659 1937 est
1718 1874 1898 1956 quod
1960 1874 2142 1938 bona
2202 1875 2374 1938 caeli
2437 1883 2508 1939 et
2562 1875 2890 1939 ecclesiae

652 1969 854 2032 trium
913 1969 1246 2050 graduum
1305 1969 1484 2045 sint;
1553 1967 1809 2032 bonum
1866 1969 2086 2032 intimi
2145 1970 2417 2050 gradus,
2478 1971 2575 2034 ita
2624 1989 2890 2053 quoque

651 2063 872 2126 intimi
911 2063 1100 2138 caeli,
1133 2073 1421 2126 vocatur
1457 2062 1712 2126 bonum
1750 2065 1995 2126 amoris
2035 2065 2390 2143 caelestis3
2436 2065 2690 2128 bonum
2729 2066 2892 2129 infe-

653 2158 842 2220 rioris
889 2159 1159 2239 gradu3‚
1201 2158 1381 2240 quod
1429 2158 1640 2221 etiam
1685 2167 1793 2222 est
1839 2157 2093 2222 bonum
2140 2159 2341 2223 medii
2378 2159 2571 2234 caeli,
2609 2170 2893 2222 vocatur

653 2249 910 2314 bonurn
951 2252 1198 2314 amoris
1243 2251 1645 2333 spiritualis;
1708 2261 1779 2315 et
1832 2252 2085 2315 bonum
2136 2253 2345 2315 infimi
2390 2254 2661 2336 gradus,
2710 2252 2890 2335 quod

654 2346 861 2408 etiam
914 2355 1022 2408 est
1071 2345 1328 2410 bonum
1380 2344 1599 2409 ultimi
1652 2344 1845 2420 caeli,
1900 2355 2183 2410 vocatur
2236 2346 2489 2410 bonum
2542 2345 2888 2410 naturale:

653 2437 822 2502 haec
867 2439 1049 2501 bona
1093 2439 1266 2501 sicut
1312 2439 1548 2501 ordine
1587 2449 1961 2521 sequuntur
2003 2441 2101 2502 ita
2142 2460 2411 2523 quoque
2452 2439 2687 2503 ordine
2732 2459 2889 2503 nas·-

655 2543 934 2612 cuntur;
990 2531 1244 2598 bonum
1282 2535 1532 2596 amoris
1569 2533 1896 2597 naturalis
1934 2533 2232 2597 nascitur
2278 2555 2369 2598 ex
2415 2533 2599 2598 bono
2643 2535 2890 2598 amoris

653 2626 1037 2711 spiritualis,
1086 2638 1155 2691 et
1211 2627 1464 2690 bonum
1509 2628 1759 2691 amoris
1805 2627 2169 2708 spiritualis
2214 2630 2513 2691 nascitur
2564 2649 2656 2692 ex
2707 2627 2890 2694 bono

651 2723 898 2784 amoris
953 2720 1304 2800 caelestis;
1367 2721 1522 2784 inde
1577 2731 1705 2795 est,
1761 2721 1940 2802 quod
1995 2740 2114 2802 per
2162 2726 2607 2804 “aperturam
2660 2719 2891 2794 uteri,”

657 2823 696 2858 ⁸*
715 2817 1240 2898 primogenitum
1271 2814 1708 2890 masculum,”
1738 2813 2155 2897 significetur
2184 2816 2439 2879 bonum
2472 2818 2719 2879 amoris
2746 2817 2885 2897 spi-

651 2911 910 2975 ritualis
955 2922 1192 2976 natum
1237 2907 1382 2974 ¹¹¹ex
1431 2909 1616 2974 bono
1662 2910 1909 2973 amoris
1954 2909 2290 2974 caelestis.
2382 2909 2723 2992 Quoniam
2768 2931 2887 2992 per

656 3011 696 3038 ‘⁴
715 3005 967 3068 bestias
983 3005 1014 3032 ’⁹
1033 3005 1500 3087 significantur
1516 3001 1926 3078 affectiones,
1948 3023 2069 3085 per
2084 3009 2125 3038 ‘⁸
2145 3004 2398 3068 bestias
2418 3025 2507 3070 ex
2530 3015 2843 3069 armento
2856 3005 2889 3030 ”

651 3095 1042 3161 affectiones
1067 3099 1464 3172 exteriores„
1493 3105 1564 3160 et
1596 3117 1719 3178 per
1742 3097 2057 3161 “bestias
2087 3117 2179 3160 ex
2212 3117 2421 3179 grege
2440 3097 2471 3125 '³
2496 3096 2887 3162 affectiones

652 3193 1027 3267 interiores,
1055 3192 1212 3256 ideo
1243 3194 1451 3255 etiam
1485 3190 1750 3254 illarum
1778 3193 2235 3274 primogenita
2258 3189 2679 3256 sanctificata
2708 3203 2885 3256 sunt.

652 3285 854 3367 Quod
901 3287 998 3349 ita
1043 3287 1131 3349 sit
1177 3287 1386 3349 etiam
1433 3295 1753 3349 constare
1799 3295 2031 3367 potest
2077 3305 2167 3348 ex
2222 3305 2327 3360 eo,
2375 3287 2556 3368 quod
2602 3285 2887 3350 Levitae

651 3381 808 3444 loco
857 3382 1158 3444 omnium
1213 3381 1820 3462 primogenitorum
1877 3381 2133 3461 recepti
2186 3381 2343 3456 sint,
2401 3399 2518 3461 per
2566 3380 2887 3444 “Levin”

650 3477 831 3538 enim
867 3484 938 3539 et
983 3476 1141 3539 inde
1181 3494 1301 3556 per
1338 3480 1378 3507 “
1403 3473 1767 3537 Levitam”
1796 3472 2217 3555 significatur
2249 3473 2503 3537 bonum
2540 3475 2887 3555 spirituale

650 3589 740 3632 ex
779 3569 962 3632 bono
991 3569 1274 3633 caelesti
1301 3589 1316 3646 ;
1363 3569 1522 3632 inde
1554 3570 1763 3631 etiam
1796 3568 2272 3644 sacerdotium,
2307 3587 2426 3649 per
2462 3569 2645 3651 quod
2676 3569 2887 3651 signi-

648 3663 889 3727 ficatur
934 3663 1190 3726 bonum
1235 3662 1556 3736 caeleste,
1605 3663 1841 3726 datum
1887 3672 1995 3726 est
2039 3661 2350 3726 Aharoni
2402 3673 2474 3726 et
2519 3663 2671 3726 filiis
2722 3663 2883 3744 ejus,

649 3777 730 3821 ac
777 3759 1221 3821 ministerium
1269 3755 1462 3838 hujus
1507 3753 1747 3830 whom,
1796 3775 1917 3838 per
1962 3755 2144 3838 quod
2189 3755 2607 3837 significatur
2650 3775 2885 3820 verum

648 3869 740 3912 ex
786 3848 993 3924 bono,
1037 3849 1280 3910 datum
1325 3858 1434 3911 est
1478 3847 1766 3911 Levitis.
1850 3863 2022 3922 (Quod
2050 3863 2133 3910 ma
2156 3859 2491 3922 pestana-2
2522 3863 2681 3910 Levi·-
2710 3863 2891 3922 signifi·

646 3963 755 4002 cata
777 3955 963 4009 fuerim,
979 3955 1194 4000 videatur
1209 3935 1370 4013 supra,
1387 3967 1435 4001 n.
1453 3945 1624 4017 44‘4.)
1685 3937 1891 4019 Quod
1919 3947 2263 4002 statutum
2288 3936 2375 4000 de
2407 3937 2885 4019 primogenitis

647 4039 885 4101 datum
945 4039 1032 4101 sit
1094 4035 1244 4100 filiis
1298 4037 1587 4113 Israelis,
1643 4038 1799 4121 quia
1856 4037 2083 4100 occisa
2142 4045 2302 4098 sunt
2354 4037 2585 4100 omnia
2637 4038 2885 4118 primo·

646 4134 882 4214 genita
919 4134 986 4196 in
1025 4131 1376 4213 Aegypto,
1417 4142 1562 4195 erat
1603 4133 1761 4214 quia
1796 4149 1918 4212 per
1956 4129 2511 4211 “primogenita'’
2548 4129 2639 4193 ibi
2674 4131 2883 4212 signi-

646 4227 934 4290 ficantur
988 4227 1158 4290 salsa
1215 4245 1306 4289 ex
1373 4226 1558 4288 malo
1613 4227 1955 4292 contraria
2010 4245 2129 4287 seu
2186 4225 2501 4305 opposita
2558 4226 2735 4288 veris
2792 4245 2885 4289 ex

647 4323 851 4397 bon0,
891 4311 986 4385 ita
1023 4321 1276 4384 malurn
1315 4319 1639 4384 infernale
1674 4320 2083 4383 contrarium
2121 4338 2239 4382 seu
2276 4319 2667 4399 oppositum
2703 4318 2885 4382 bono

645 4417 1016 4499 spirituali,
1071 4425 1142 4480 et
1187 4415 1346 4498 quia
1389 4433 1542 4479 cum
1587 4413 1706 4477 illa
1748 4413 1917 4478 falsa
1960 4433 2051 4476 ex
2099 4413 2281 4476 malo
2325 4413 2503 4494 apud
2540 4413 2885 4476 hominem

648 4519 806 4573 sunt
845 4511 1090 4584 occisa,
1130 4509 1260 4572 hoc
1307 4518 1434 4582 est,
1475 4517 1761 4582 remota,
1800 4517 1967 4572 tunc
2012 4508 2301 4587 primum
2336 4526 2497 4570 vera
2540 4526 2631 4568 ex
2678 4507 2881 4580 bono,

645 4623 764 4668 seu
801 4605 1052 4668 bonum
1091 4604 1459 4686 spirituale,
1493 4623 1532 4666 a
1571 4603 1867 4667 Domino
1903 4602 2138 4678 influit,
2172 4611 2243 4664 et
2278 4601 2369 4664 ab
2406 4601 2676 4665 homine
2716 4601 2883 4666 reci-
