3259 5384
654 641 823 723 2098
1278 651 1778 707 APOCALYPSIS
1821 653 2274 708 EXPLICATA.

651 823 963 888 similiter
998 823 1107 888 hic
1146 823 1458 907 discipuli
1494 835 1832 890 vocantur
1872 825 2236 902 “fratres,”
2273 825 2430 909 quia
2473 845 2594 908 per
2634 825 2875 889 “disci-

652 917 851 1002 pulos
868 917 900 943 '’
938 938 1153 1001 aeque
1190 939 1269 983 ac
1318 939 1436 1002 per
1478 919 1778 983 “fratres
1795 919 1826 946 ”
1863 918 2334 1001 significantur
2364 939 2604 984 omnes
2649 921 2758 1002 qui
2801 919 2879 983 ab

651 1012 945 1078 ecclesia
978 1013 1197 1098 Ipsius
1228 1015 1296 1078 in
1328 1014 1513 1078 bono
1545 1014 1904 1080 charitatis
1935 1024 2117 1079 sunt.
2207 1014 2418 1098 Apud
2448 1015 2876 1088 Matthaeum,

750 1165 1152 1230 “Respondeas
1182 1165 1300 1217 Rex
1327 1167 1461 1217 dixit
1490 1167 1611 1227 illis.
1639 1167 1776 1218 Dico
1800 1167 1969 1227 vobis,
1993 1167 2050 1218 in
2079 1177 2336 1232 quantum
2366 1167 2570 1218 fecistis
2593 1167 2687 1218 uni
2715 1182 2780 1217 ex
2805 1167 2879 1216 his

911 1233 1165 1284 fratribus
1190 1233 1325 1284 meis
1350 1235 1605 1293 minimis,
1632 1233 1771 1284 Mihi
1794 1234 1998 1284 fecistis
2011 1232 2044 1256 ”
2068 1234 2213 1296 (xxv.
2235 1233 2353 1296 4o):

652 1394 834 1477 quod
880 1393 979 1458 illi
1024 1396 1136 1477 qui
1182 1395 1362 1459 bona
1404 1395 1764 1461 charitatis
1801 1397 2294 1478 praestiterunt
2339 1395 2448 1460 hic
2495 1395 2806 1460 dicantur
2843 1415 2880 1458 a

652 1489 952 1554 Domino
993 1487 1353 1564 “fratreS‚”
1391 1500 1669 1554 constat
1715 1511 1806 1554 ex
1853 1489 2422 1572 praecedentibus
2457 1490 2590 1570 ibi;
2643 1501 2716 1554 at
2761 1489 2880 1554 sci·

652 1583 903 1648 endum
936 1593 1043 1648 est
1074 1584 1257 1667 quod
1290 1583 1646 1659 DominuS,
1676 1586 1954 1650 tametsi
1985 1584 2255 1650 illorum
2288 1584 2490 1649 Pater
2519 1595 2652 1659 est,
2681 1603 2878 1667 usque

654 1679 962 1743 nominet
1008 1677 1163 1743 illos
1207 1677 1504 1743 “fratres
1528 1678 1579 1756 ;'’
1618 1679 1741 1742 sed
1786 1678 2057 1744 illorum
2103 1677 2308 1742 Pater
2349 1689 2457 1742 est
2503 1699 2597 1742 ex
2645 1678 2880 1742 Divino

651 1770 937 1850 Amore,
992 1773 1114 1838 sed
1176 1772 1419 1838 Frater
1470 1793 1563 1836 ex
1624 1772 1875 1837 Divino
1927 1774 2112 1856 quod
2171 1774 2481 1855 procedit
2535 1793 2630 1836 ex
2692 1772 2878 1855 Ipso:

652 1885 859 1931 causa
904 1876 1033 1956 est,⁸
1080 1866 1237 1950 quia
1290 1885 1531 1931 omnes
1582 1868 1652 1931 in
1705 1867 1912 1931 caelis
1968 1876 2129 1932 sunt
2181 1868 2612 1949 receptiones
2667 1866 2880 1930 Divini

650 1961 833 2044 quod
870 1961 1180 2044 procedit
1219 1982 1308 2025 ex
1348 1960 1531 2044 Ipse,
1574 1982 1653 2025 ac
1695 1961 2018 2026 Divinum
2055 1961 2238 2045 quod
2275 1963 2588 2044 procedit
2625 1982 2718 2026 ex
2749 1961 2878 2027 Do·

652 2057 860 2132 mino,
916 2055 1103 2137 cujus
1157 2056 1587 2138 receptiones
1639 2066 1820 2131 sunt,
1875 2066 1984 2121 est
2039 2055 2372 2120 Dominus
2427 2058 2494 2120 in
2548 2057 2764 2130 caele,
2815 2065 2880 2120 et

650 2171 919 2234 quoque
964 2152 1033 2214 in
1079 2149 1409 2228 ecclesia;
1471 2160 1545 2214 et
1598 2150 1730 2214 hoc
1779 2170 1918 2214 non
1971 2160 2081 2215 est
2127 2150 2356 2232 angeli
2401 2171 2526 2215 nec
2575 2150 2876 2224 hominis,

652 2245 773 2309 sed
812 2244 1089 2308 Domini
1120 2243 1301 2326 apud
1338 2244 1532 2322 illos;
1580 2265 1786 2327 quare
1820 2243 2155 2308 Dominus
2185 2245 2406 2326 ipsum
2439 2246 2694 2308 bonum
2727 2244 2878 2308 cha-

651 2339 875 2405 ritatis
908 2340 1087 2422 apud
1126 2337 1303 2415 illos,
1342 2340 1526 2422 quod
1564 2349 1672 2402 est
1711 2359 1926 2412 suum,
1965 2349 2170 2403 vocat
2211 2339 2266 2402 F
2269 2349 2564 2418 ratrem3
2611 2340 2880 2422 proinde

652 2433 862 2498 etiam
908 2433 1195 2515 angelos
1241 2443 1313 2497 et
1358 2433 1694 2506 homines,
1742 2434 1898 2516 quia
1943 2443 2101 2496 sunt
2147 2430 2452 2514 subjecta
2493 2435 2880 2516 recipientia

650 2527 831 2592 illius
861 2529 1042 2592 boni.
1132 2527 1390 2604 Verbo,
1426 2528 1750 2592 Divinum
1780 2528 2180 2611 procedens,
2214 2530 2394 2612 quod
2433 2539 2542 2594 est
2573 2528 2882 2594 Divinum

653 2621 931 2686 Domini
967 2623 1036 2686 in
1074 2622 1303 2698 caelis»,
1345 2633 1451 2688 est
1491 2621 1812 2686 Divinum
1853 2631 2090 2686 natum
2128 2643 2170 2686 a
2207 2623 2506 2688 Domino
2543 2624 2609 2687 in
2655 2625 2880 2700 caelo;

654 2736 862 2800 quare
923 2737 1013 2780 ex
1074 2715 1194 2781 illo
1254 2716 1526 2792 Divin0,
1581 2716 1812 2798 angeli
1871 2716 1982 2800 qui
2043 2726 2204 2780 sunt
2261 2718 2694 2800 recipientes=
2727 2717 2881 2800 ejuS,

651 2821 986 2876 vocantur
1036 2810 1210 2874 “filii
1264 2811 1395 2876 Dei
1418 2810 1472 2890 ;’'
1524 2821 1596 2874 et
1651 2811 1806 2893 quia
1856 2810 1926 2874 hi
1979 2831 2069 2874 ex
2123 2810 2244 2876 illo
2289 2811 2542 2876 Divino
2592 2811 2772 2894 apud
2815 2831 2882 2874 se

650 2915 934 2988 recepto
958 2916 1118 2970 sunt
1142 2905 1405 2980 fratreS,
1432 2915 1539 2970 est
1566 2904 1901 2968 Dominus
1925 2906 1993 2968 in
2026 2903 2158 2968 illis
2181 2905 2296 2988 qui
2318 2904 2483 2968 dicit
2513 2909 2552 2936 “
2571 2904 2812 2970 Frater
2833 2902 2885 2984 ;’'

651 3000 883 3082 angeli
928 3000 1107 3063 enim
1162 3019 1301 3063 non
1347 2998 1714 3083 loquuntur
1767 3018 1856 3061 ex
1911 3017 1983 3061 se
2039 2998 2160 3062 sed
2213 3020 2302 3062 ex
2356 2998 2679 3074 Domine,
2727 3000 2882 3062 dum

655 3115 746 3158 ex
793 3095 976 3158 bono
1023 3093 1419 3157 charitatis:
1480 3093 1640 3156 inde
1687 3112 1862 3156 nunc
1911 3102 2017 3156 est
2071 3092 2252 3175 quod
2298 3091 2632 3156 Dominus
2677 3094 2880 3167 dicat,

655 3187 793 3251 “In
840 3197 1171 3271 quantum
1216 3187 1471 3252 fecistis
1525 3188 1640 3250 uni
1693 3207 1784 3250 ex
1837 3186 1942 3250 his
1994 3187 2308 3252 fratribus
2358 3189 2525 3251 meis
2571 3188 2881 3263 minimis,

652 3283 821 3347 Mihi
858 3283 1113 3348 fecistis
1138 3281 1191 3360 ;''
1236 3291 1395 3346 sunt
1440 3282 1672 3364 itaque
1718 3281 1902 3344 bona
1945 3281 2322 3356 charitatiS,
2361 3302 2536 3364 quae
2579 3283 2648 3346 in
2695 3302 2886 3365 prae-

653 3378 1055 3443 cedentibus
1121 3386 1623 3450 enumerantur,
1693 3396 1866 3459 quae
1931 3376 1998 3438 in
2065 3395 2268 3440 sensu
2331 3376 2665 3459 spirituali
2730 3385 2884 3440 sunt

653 3473 931 3537 Domini
961 3473 1223 3545 fratres,
1256 3480 1330 3534 et
1361 3490 1534 3553 quae
1566 3479 1846 3552 propter
1876 3468 2294 3553 praedictam
2325 3489 2602 3536 causam
2633 3491 2883 3536 vocan-

650 3577 761 3632 tur
796 3589 837 3632 a
874 3567 1174 3631 Domino
1210 3565 1506 3630 “fratres
1527 3565 1581 3629 ;”
1626 3585 1747 3648 per
1781 3563 2108 3647 “Regem
2125 3565 2156 3592 ”
2185 3567 2417 3640 etiam,
2452 3567 2564 3649 qui
2601 3567 2700 3631 ita
2735 3566 2882 3630 illos

652 3672 880 3737 vocat,
944 3661 1365 3744 significatur
1424 3659 1745 3724 Divinum
1811 3661 2211 3742 procedenS,
2273 3661 2456 3744 quod
2523 3681 2656 3724 una
2717 3681 2884 3725 voce

650 3769 937 3822 vocatur
974 3757 1295 3821 Divinum
1333 3754 1613 3829 Verum,
1654 3775 1774 3818 seu
1821 3755 2140 3819 Divinum
2177 3756 2550 3838 spirituale,
2589 3756 2772 3838 quod
2815 3757 2879 3819 in

650 3873 772 3916 sua
808 3853 1107 3915 essentia
1151 3861 1259 3915 est
1304 3850 1559 3914 bonum
1599 3849 1977 3913 charitatiS.
2070 3849 2475 3915 Tenendum
2513 3851 2744 3933 itaque
2779 3860 2880 3914 est

650 3947 831 4029 quod
878 3945 1213 4008 Dominus
1259 3964 1396 4007 non
1442 3944 1792 4008 vocaverit
1839 3942 1992 4006 illos
2043 3943 2387 4008 “fratres”
2432 3965 2523 4007 ex
2576 3964 2662 4008 eo
2707 3943 2881 4027 quod

652 4039 809 4122 Ipse
851 4039 1084 4103 Homo
1121 4039 1319 4102 suerit
1350 4040 1525 4103 sicut
1564 4038 1684 4112 illi,
1719 4038 2090 4102 secundum
2123 4038 2512 4119 opinionem
2549 4040 2618 4102 in
2658 4038 2880 4103 Chris·

650 4139 841 4199 tiano
872 4137 1037 4200 orbe
1067 4144 1418 4216 receptam
1444 4155 1460 4211 ;
1499 4155 1589 4198 ex
1622 4153 1757 4215 quo
1791 4135 2094 4216 sequitur
2116 4133 2299 4215 quod
2331 4134 2485 4197 ideo
2511 4153 2650 4197 non
2685 4134 2882 4198 liceat

646 4229 845 4294 alicui
898 4229 1157 4293 homini
1209 4248 1459 4294 vocare
1512 4228 1884 4292 Dominum
1927 4227 2202 4292 fratrem
2227 4249 2244 4306 ;
2303 4237 2412 4292 est
2465 4229 2646 4294 enim
2703 4229 2882 4294 Deus

646 4325 855 4387 etiam
900 4322 1127 4406 quoad
1177 4321 1592 4400 Humanum,
1642 4332 1713 4386 et
1762 4321 1948 4386 Deus
1994 4341 2134 4386 non
2177 4332 2287 4387 est
2333 4323 2562 4400 frater,
2611 4326 2734 4389 sed
2778 4334 2881 4391 est

647 4418 867 4482 Pater.
960 4416 1163 4500 Quod
1211 4417 1545 4482 Dominus
1589 4417 1856 4482 dicatur
1900 4417 2107 4481 frater
2149 4419 2215 4481 in
2262 4418 2572 4483 ecclesiis
2625 4419 2696 4482 in
2749 4431 2881 4483 ter-

642 4514 755 4590 riS,
795 4521 901 4576 est
940 4513 1094 4595 quia
1132 4512 1217 4575 de
1258 4511 1581 4576 Humano
1619 4510 1838 4594 Ipsius
1876 4532 2012 4575 non
2052 4511 2254 4576 aliam
2291 4514 2514 4578 ideam
2553 4523 2880 4596 captave-

642 4617 801 4672 runt
856 4627 1058 4692 quam
1118 4608 1293 4672 sicut
1346 4606 1432 4670 de
1486 4605 1788 4670 humano
1839 4606 2010 4670 alius
2063 4605 2380 4684 hominis,
2437 4629 2591 4674 cum
2647 4617 2878 4674 tamen
