3259 5384
621 648 790 728 2448
1252 658 1746 712 APOCALYPSIS
1790 658 2234 710 EXPLICATA.

617 830 704 893 ad
735 829 1077 911 judicium,
1114 848 1354 910 nempe
1393 828 1477 892 ad
1513 829 2021 893 moderandum.
2112 827 2317 911 Quod
2354 827 2677 892 Divinum
2714 827 2851 894 Bo·-

617 943 778 986 num
825 944 960 987 non
991 923 1246 1004 judicet
1295 943 1725 1006 quemquam,
1766 924 1887 986 sed
1936 923 2255 987 Divinum
2286 922 2568 999 Verum,
2601 922 2851 988 intelli·-

614 1019 795 1101 gitur
832 1038 952 1101 per
986 1018 1152 1082 haec
1193 1017 1466 1081 Domini
1504 1018 1732 1093 verba,

714 1161 877 1212 “Non
905 1163 1063 1214 Pater
1083 1161 1285 1226 judicat
1308 1178 1647 1228 quemquam,
1672 1163 1769 1213 sed
1790 1163 2074 1226 judicium.
2094 1164 2267 1214 ‚dedit
2289 1162 2468 1214 Filio”
2490 1163 2641 1230 (Joh.
2666 1180 2716 1214 v.
2742 1163 2852 1227 22):

617 1325 734 1387 per
754 1311 792 1338 “
817 1305 1087 1369 Patrem
1107 1304 1556 1386 ”intelligitur
1587 1304 1904 1371 Divinum
1944 1303 2321 1380 Bonum,et
2358 1327 2477 1388 per
2504 1307 2808 1371 “Filium
2822 1305 2854 1334 ”

616 1397 942 1460 Divinum
970 1395 1230 1459 Verum
1258 1417 1273 1475 ;
1321 1413 1476 1472 (quod
1497 1425 1586 1471 per
1605 1409 1632 1426 ⁸·
1653 1411 1843 1458 Patrem
1860 1412 1886 1428 ··
1909 1413 2201 1470 intelligatur
2222 1412 2452 1459 Divinum
2474 1413 2857 1466 Bonumaidae-

614 1500 692 1539 tur
723 1505 882 1551 supra,
911 1506 959 1539 n.
990 1492 1132 1546 200,
1163 1491 1315 1557 254:
1357 1499 1406 1537 et
1437 1493 1572 1550 quod
1603 1505 1691 1551 per
1719 1488 1746 1506 ‘⁸
1765 1492 1939 1538 Filium
1956 1491 1983 1508 '⁹
2014 1491 2245 1538 Divinum
2272 1491 2473 1546 Verum,
2503 1507 2551 1540 n.
2579 1477 2685 1558 63.
2722 1492 2855 1559 151,

616 1582 793 1648 7242)
838 1576 985 1630 tum
1019 1587 1144 1648 per
1174 1566 1370 1642 haec,

717 1697 877 1748 Pater
909 1698 1056 1825 d)edit
1092 1697 1227 1748 Filio
1256 1697 1552 1760 “judicium
1582 1696 1829 1756 faciendi,
1858 1698 1983 1761 quia
2016 1697 2183 1748 Filius
2210 1697 2448 1748 hominis
2474 1696 2601 1748 est’'
2630 1697 2778 1764 (Joh.
2806 1713 2855 1750 v·

877 1777 940 1824 27
979 1779 990 1812 :

618 1914 738 1975 per
772 1893 1080 1955 “Filium
1118 1893 1412 1956 hominis
1433 1891 1465 1918 ''
1501 1891 1925 1974 significatur
1961 1892 2283 1956 Divinum
2320 1890 2584 1956 Verum
2620 1909 2861 1968 (videatur

616 2005 762 2051 etiam
809 2019 970 2064 supra,
1013 2019 1061 2051 n.
1104 1990 1350 2070 778[o]).
1458 1986 1596 2051 Sed
1655 2008 1867 2070 usque
1924 1988 2456 2068 intelligendum
2513 1998 2621 2052 est
2673 1990 2855 2072 quod

619 2087 951 2151 Dominus
1011 2108 1145 2150 non
1197 2086 1452 2167 judicet
1511 2085 1807 2168 aliquem
1865 2107 1984 2169 per
2030 2085 2349 2149 Divinum
2406 2086 2688 2163 Verum,
2737 2088 2856 2152 sed

618 2180 936 2244 Divinum
969 2180 1226 2244 Verum
1263 2182 1330 2243 in
1369 2201 1440 2243 se
1478 2177 1863 2263 spectatum
1902 2180 2245 2246 hominem
2278 2181 2389 2263 qui
2423 2201 2560 2244 non
2593 2184 2854 2264 recipit,

617 2274 736 2338 sed
770 2274 982 2358 rejicit
1019 2275 1206 2349 illud,
1234 2274 1492 2355 judicat
1530 2274 1743 2349 illum,
1779 2285 1853 2337 ut
1892 2273 2245 2337 manifeste
2278 2285 2595 2338 constare
2621 2285 2856 2357 potest

617 2371 703 2433 ab
741 2369 843 2432 his
884 2370 1155 2433 Domini
1196 2369 1437 2445 verbiS,

715 2501 873 2568 Jesus
896 2503 1044 2561 dixit,
1063 2505 1092 2526 ‘⁴
1107 2503 1161 2551 Si
1187 2503 1303 2566 quis
1327 2517 1450 2552 mea
1471 2503 1737 2552 audiverit
1757 2505 1933 2562 verba,
1954 2518 2065 2552 non
2089 2513 2269 2554 tamen
2294 2503 2591 2564 crediderit,
2611 2503 2731 2565 Ego
2750 2518 2859 2552 non

877 2569 1058 2630 judico
1094 2568 1261 2626 illum,
1291 2583 1400 2616 non
1437 2569 1581 2616 enim'
1613 2569 1735 2616 veni
1772 2580 1831 2616 ut
1863 2569 2096 2630 judicem
2126 2569 2400 2627 mundum,
2430 2571 2525 2617 sed
2561 2579 2621 2617 ut
2654 2570 2859 2618 salvem

879 2634 1136 2682 mundum
1157 2647 1170 2691 3
1199 2633 1286 2695 qui
1311 2631 1514 2695 spernit
1541 2633 1646 2691 Me,
1667 2643 1721 2683 et
1744 2647 1853 2681 non
1878 2634 2069 2695 accipit
2088 2636 2253 2683 verba
2276 2648 2411 2690 mea,
2432 2635 2597 2682 habet
2616 2635 2708 2696 qui
2722 2633 2861 2696 judi-

878 2708 961 2748 cet
983 2698 1150 2758 illum,
1169 2698 1422 2756 Verbum,
1445 2699 1588 2762 quod
1612 2699 1820 2748 locutus
1844 2712 1980 2757 sum,
2000 2698 2130 2747 illud
2154 2699 2413 2760 judicabit
2434 2699 2585 2750 illum
2608 2699 2665 2748 in
2690 2709 2862 2749 extre-

880 2778 969 2812 mo
991 2763 1078 2812 die
1095 2762 1121 2782 ”
1145 2762 1298 2828 (Jok.
1322 2763 1414 2813 xii.
1442 2775 1522 2823 47,
1547 2763 1643 2824 48;
1680 2776 1791 2813 tum
1818 2779 2027 2827 quoque
2058 2763 2181 2828 Joh.
2212 2764 2283 2814 iii.
2313 2765 2419 2826 17):

618 2917 736 2979 per
785 2895 1154 2959 “Verbum
1171 2895 1201 2921 '’
1245 2896 1651 2978 intelligitur
1701 2896 2017 2960 Divinum
2064 2895 2350 2972 Verum,
2392 2915 2549 2960 nam
2602 2897 2736 2963 hoc
2792 2899 2859 2962 in

620 2990 853 3054 Verbo
883 2999 1011 3064 est,
1047 2999 1116 3054 et
1149 3001 1252 3053 est
1288 2989 1632 3068 Verbum;
1681 2990 1861 3074 quod
1900 2990 2028 3054 hoc
2060 2991 2126 3053 in
2165 3011 2241 3054 se
2270 2988 2659 3071 spectatum
2684 2992 2859 3074 judi-

620 3095 928 3149 caturum
961 3085 1048 3148 sit
1080 3085 1447 3158 hominem,
1475 3095 1545 3148 et
1573 3105 1708 3148 non
1744 3084 1897 3165 Ipse
1932 3084 2268 3148 Dominus
2302 3104 2421 3166 per
2444 3085 2634 3160 illud,
2666 3094 2859 3166 patet

619 3179 1013 3256 manifeste;
1085 3197 1242 3241 nam
1289 3179 1454 3242 dicit
1504 3179 1859 3252 Dominus,
1901 3178 2115 3260 “Ego
2173 3198 2311 3242 non
2362 3178 2593 3260 judico
2648 3180 2859 3255 illum,

621 3293 759 3338 non
805 3275 986 3336 enim
1025 3275 1179 3337 veni
1224 3283 1300 3336 ut
1337 3272 1637 3354 judicem
1685 3273 2031 3347 mundum,
2072 3274 2193 3336 sed
2240 3283 2315 3338 ut
2360 3274 2619 3338 salvem
2668 3295 2861 3338 mun-

618 3367 836 3432 dum.”
925 3367 1126 3449 Quod
1172 3366 1326 3448 Ipse
1360 3366 1693 3431 Dominus
1726 3387 1861 3431 non
1891 3367 2172 3448 judicet,
2202 3378 2309 3432 est
2340 3370 2497 3451 quia
2526 3379 2634 3446 est
2675 3369 2862 3433 Divi·

622 3484 748 3526 nus
794 3463 1034 3537 Amor,
1076 3471 1147 3525 et
1199 3474 1304 3525 est
1368 3462 1686 3525 Divinum
1743 3461 2007 3526 Bonum
2056 3464 2316 3525 unitum
2357 3463 2607 3526 Divino
2654 3463 2859 3539 Vero,

618 3568 689 3621 et
735 3557 864 3620 hoc
912 3557 1205 3636 separari
1250 3556 1339 3618 ab
1385 3555 1503 3618 illo
1552 3577 1690 3619 non
1737 3567 1991 3637 potest,
2041 3566 2202 3620 sunt
2248 3558 2427 3620 enim
2475 3577 2725 3637 unum;
2784 3575 2859 3621 ac

621 3651 940 3714 Divinum
969 3651 1231 3714 Bonum
1259 3670 1396 3713 non
1413 3649 1670 3730 judicat
1696 3669 2126 3733 quemquam,
2150 3652 2271 3714 sed
2296 3651 2535 3724 salvat,
2560 3661 2637 3714 ut
2664 3671 2859 3734 supra

619 3743 875 3809 dictum
908 3754 1054 3824 est3
1103 3747 1199 3809 ita
1235 3766 1502 3828 quoque
1544 3745 1865 3808 Divinum
1892 3744 2174 3821 Verum,
2208 3746 2389 3827 quod
2423 3765 2577 3808 cum
2611 3744 2859 3810 Divino

621 3839 815 3902 Bono
861 3841 1122 3903 unitum
1169 3839 1475 3920 procedit
1521 3861 1561 3903 a
1609 3839 1924 3902 Domin0.
2014 3837 2221 3921 Quod
2265 3839 2445 3921 apud
2483 3839 2861 3913 Jolzannem

620 3931 874 3997 dictum
913 3937 1002 3998 sit
1039 3935 1219 4017 quod
1257 3933 1552 3997 “datum
1591 3936 1677 3996 sit
1718 3934 1892 3998 Filio
1920 3933 2243 4015 judicium
2280 3933 2627 4008 faciendi,'’
2660 3935 2859 3998 intel-

620 4029 969 4110 ligendum
1001 4038 1107 4092 est
1139 4029 1312 4092 sicut
1343 4029 1410 4091 id
1436 4029 1618 4110 quod
1652 4029 1737 4092 de
1766 4027 1923 4110 Ipso
1954 4029 2199 4092 dicitur
2218 4029 2859 4112 quod“irascatur,”

623 4123 1202 4198 “excandescat,’'
1230 4121 1599 4202 “conjiciat
1637 4123 1705 4185 in
1744 4121 2134 4198 infernum,’'
2159 4142 2314 4186 cum
2352 4133 2587 4186 tamen
2628 4123 2858 4186 Domi-

621 4239 747 4281 nus
795 4219 1045 4280 nemini
1096 4219 1422 4288 irascitur,
1474 4236 1597 4280 nec
1655 4216 1925 4298 conjicit
1984 4217 2053 4279 in
2106 4217 2459 4291 infernum,
2508 4218 2630 4281 sed
2686 4217 2857 4302 quod

620 4309 768 4393 ipse
811 4310 1024 4373 homo
1081 4320 1302 4373 semet
1357 4325 1442 4384 (de
1469 4338 1566 4383 qua
1599 4338 1652 4370 re
1684 4325 1903 4371 videatur
1933 4325 1983 4370 in
2026 4339 2173 4384 opere
2216 4326 2293 4372 De
2328 4325 2467 4372 Caelo
2499 4333 2547 4371 et
2576 4327 2783 4386 Inferna,
2814 4339 2858 4371 n·

619 4419 854 4479 545-550)
880 4423 895 4480 ;
935 4404 1034 4466 ita
1055 4424 1324 4485 quoque
1344 4404 1528 4484 quod
1554 4411 2001 4485 contemptus
2025 4413 2095 4466 et
2117 4402 2399 4484 rejectio
2424 4403 2655 4466 Divini
2678 4403 2855 4476 Veri,

624 4509 1127 4581 consequenter
1162 4498 1400 4562 falsum
1449 4519 1538 4561 ex
1587 4499 1791 4574 ma10‚
1833 4499 2175 4562 hominem
2207 4497 2486 4580 judicet,
2522 4501 2619 4564 ita
2656 4501 2853 4564 etiam

621 4593 830 4656 homo
865 4602 1104 4657 semet.
1197 4591 1562 4674 Quomodo
1602 4592 1921 4656 Divinum
1960 4592 2217 4658 Verum
2260 4595 2329 4656 in
2366 4615 2440 4658 se
2479 4592 2853 4676 spectatum
