3259 5384
642 694 820 776 2296
1263 707 1767 760 APOCALvl‘SIS
1790 707 2264 760 EXPLICATA.

641 879 1075 962 cognitiones
1110 880 1452 945 residuum
1489 881 1659 946 erit:
1704 885 1745 916 ‘⁸
1769 878 1951 963 Quid
1982 889 2147 944 tunc
2180 874 2649 962 respondebit,
2676 871 2893 959 legati

639 976 871 1057 gentis
891 974 952 1037 ?’'
998 975 1340 1058 significat
1371 976 1907 1041 illustrationem
1938 975 2211 1038 illorum
2242 974 2358 1058 qui
2388 973 2457 1038 in
2488 971 2677 1036 bono
2710 972 2895 1035 vitae

639 1091 732 1134 ex
793 1089 1026 1135 amore
1089 1073 1159 1134 in
1223 1071 1594 1136 Dominum
1658 1081 1855 1136 sunt:
1924 1070 2171 1154 “quod
2214 1067 2527 1152 Jehovah
2578 1067 2893 1132 fimdavit

641 1165 985 1242 Zionem‚’'
1032 1166 1371 1250 significat
1426 1167 1608 1250 quod
1663 1168 1753 1230 ab
1812 1166 1947 1230 illis
2005 1165 2493 1230 instaurabitur
2550 1163 2889 1229 ecclesia:

645 1265 777 1326 ‘fet
843 1261 910 1324 in
957 1282 1039 1325 ea
1101 1264 1477 1345 sperabunt
1531 1263 1759 1326 miseri
1804 1261 2100 1345 populi‚”
2144 1259 2487 1344 significat
2530 1260 2713 1344 quod
2759 1258 2909 1324 illis·

640 1356 754 1439 qui
791 1377 882 1419 ex
915 1377 990 1420 se
1027 1377 1165 1421 non
1205 1358 1500 1441 sapiunt,
1543 1367 1616 1422 et
1647 1357 1714 1421 in
1748 1358 2251 1421 tentationibus
2281 1367 2526 1421 contra
2558 1354 2681 1420 illa
2720 1353 2909 1420 falsa-

641 1450 944 1526 vincunt,
1007 1454 1144 1518 erit·
1195 1452 1661 1535 intelligentia
1720 1462 1793 1516 et
1858 1451 2061 1516 salus.
2174 1451 2503 1516 Vastatio
2562 1450 2705 1516 veri
2772 1471 2897 1534 per

641 1543 813 1608 falsa
843 1547 1022 1628 apud
1060 1547 1216 1610 illos
1247 1549 1360 1630 qui
1391 1567 1512 1630 per
1541 1553 1580 1580 “
1600 1545 2107 1611 Philisthaeos'’
2142 1545 2645 1628 intelliguntur,
2678 1546 2897 1610 etiam

643 1638 1047 1706 describitur

745 1782 849 1833 Per
869 1783 1160 1850 Jerema‘am
1185 1787 1316 1849 (cap.
1344 1787 1490 1838 xlvii.
1515 1787 1644 1848 1-7),
1670 1788 1867 1850 pariter
1889 1787 2032 1850 apud
2056 1783 2367 1835 Ezechielem
2390 1783 2526 1848 (cap.
2552 1799 2674 1834 xxv,
2696 1795 2774 1844 ις,
2798 1784 2895 1844 16),

903 1852 1043 1913 apud
1062 1851 1263 1915 Joelem
1287 1853 1422 1914 (cap.
1449 1853 1515 1901 iv.
1545 1849 1636 1918 [B.
1655 1855 1725 1902 Α.
1746 1849 1843 1917 iii.]
1862 1853 1997 1914 4-6),
2020 1851 2163 1915 apud
2188 1853 2443 1900 Amoenus
2468 1855 2603 1912 (cap.
2628 1850 2662 1899 i.
2686 1850 2771 1910 8):

642 1984 824 2072 quod
862 1990 1066 2054 iidem
1105 1989 1465 2056 falsificent
1503 2013 1687 2068 vera,
1723 1991 2132 2073 intelligitur

971 2131 1130 2194 Apud
1159 2131 1473 2180 Ezechielem
1501 2131 1639 2194 (cap.
1662 2132 1771 2182 xvi.
1802 2143 1879 2192 27,
1909 2131 2004 2192 57),
2033 2127 2135 2196 [et]
2167 2143 2196 2180 2
2224 2131 2364 2198 Sana.
2387 2130 2441 2192 (i.
2466 2129 2565 2192 20).

642 2303 764 2366 per
791 2291 830 2318 ‘⁸
849 2285 1021 2349 filias
1047 2285 1626 2350 Philisthaeorum
1652 2287 1708 2366 ;”
1744 2297 1906 2351 sunt
1941 2288 2123 2350 enim
2153 2292 2193 2318 “
2215 2285 2393 2350 filiae
2427 2284 2891 2349 Philisthaeo-

644 2377 843 2440 rum''
877 2379 970 2442 ibi
1013 2378 1414 2444 affectiones
1458 2380 1629 2444 salsi.
1720 2380 2156 2464 Religiosum
2198 2379 2471 2444 illorum
2522 2379 2735 2442 etiam
2780 2398 2891 2441 re-

642 2473 1218 2552 praesentabatur
1263 2494 1386 2557 per
1431 2473 1693 2538 idolum
1738 2493 1999 2550 eorum,
2044 2473 2229 2557 quod
2275 2483 2565 2537 vocatur
2610 2471 2891 2554 Dagon,

641 2566 944 2646 positum
977 2568 1044 2630 in
1069 2568 1501 2647 Aschdodo;
1546 2569 1732 2652 quod
1764 2568 2143 2632 secundum
2167 2568 2707 2650 descriptionem
2730 2566 2903 2646 i110-,

641 2679 790 2724 rum
821 2659 1074 2725 sactum
1107 2672 1214 2725 est
1245 2663 1423 2726 sicut
1461 2663 1675 2726 homo
1704 2683 1746 2726 a
1775 2663 2005 2746 capite
2035 2663 2122 2727 ad
2154 2661 2577 2737 umbilicum,
2609 2670 2681 2724 et
2712 2663 2893 2726 sicut

643 2758 847 2841 piscis
877 2756 966 2819 ab
997 2756 1321 2820 umbilico
1352 2757 1676 2820 deorsum
1702 2778 1717 2834 3
1762 2758 1939 2821 sicut
1976 2757 2188 2820 homo
2216 2777 2257 2820 a
2286 2756 2515 2838 capite
2547 2755 2635 2818 ad
2666 2755 2906 2818 umbi-·

643 2849 849 2914 licum
885 2851 1459 2932 repraesentabat
1494 2849 1929 2915 intellectum
1966 2872 2057 2915 ex
2090 2852 2307 2929 veris;
2362 2861 2434 2913 et
2472 2850 2648 2913 sicut
2682 2850 2893 2932 piscis

641 2945 731 3008 ab
762 2944 1087 3008 umbilico
1117 2944 1438 3007 deorsum
1465 2945 2038 3026 repraesentabat
2070 2943 2385 3008 naturale
2411 2945 2671 3026 absque
2702 2944 2892 3007 bono

642 3040 937 3116 amoris;
997 3059 1156 3102 nam
1202 3060 1360 3122 pars
1406 3039 1678 3102 inferior
1722 3061 1935 3122 usque
1978 3040 2067 3104 ad
2116 3059 2345 3121 genua
2390 3039 2906 3123 correspondet,

642 3135 856 3197 amori
909 3133 1214 3208 caelesti,
1261 3153 1342 3197 ac
1394 3135 1657 3218 “piscis
1676 3133 1708 3158 '’
1764 3131 2165 3217 [significat]
2222 3133 2611 3196 naturalem
2661 3132 2891 3196 homi-

642 3248 825 3304 nem,
869 3229 982 3311 qui
1034 3238 1143 3292 est
1193 3230 1456 3312 absque
1507 3229 1695 3294 bono
1746 3229 2105 3313 spirituali.
2191 3245 2363 3304 (Quod
2390 3241 2419 3258 ‘¹
2434 3245 2583 3290 homo
2599 3244 2627 3260 ²·
2654 3245 2895 3302 siguifioet

640 3325 948 3370 affectionem
965 3326 1080 3378 veri.
1096 3327 1314 3371 videatur
1326 3339 1486 3384 supra.
1505 3339 1554 3372 n.
1571 3311 1725 3373 280:
1756 3327 1891 3384 quod
1906 3321 2084 3384 “mput
2099 3325 2126 3341 ’⁸
2142 3327 2245 3384 ejus
2266 3325 2563 3370 intellectum
2580 3325 2697 3380 veri,
2711 3333 2759 3370 et
2774 3325 2893 3371 inde

642 3403 1018 3464 intelligentiam,
1047 3419 1095 3452 n.
1132 3403 1161 3470 5
1175 3403 1280 3470 53;
1316 3407 1465 3463 quod.
1481 3401 1508 3420 ‘⁸
1525 3405 1710 3464 piscis”
1739 3405 1975 3465 significet
2002 3405 2269 3451 naturalem
2296 3403 2544 3450 hominem
2572 3417 2621 3451 ιι.
2656 3403 2726 3470 51
2742 3403 2807 3468 3:
2838 3411 2897 3464 et·

641 3487 776 3543 quod
797 3481 1066 3544 “genitalia
1080 3485 1107 3502 ⁰⁹
1127 3499 1187 3531 ex
1209 3486 1635 3544 corr-spondentia
1654 3485 1924 3546 significent
1944 3497 2161 3532 amorem
2182 3485 2454 3538 caelestem,
2470 3486 2521 3530 in
2544 3483 2754 3531 Arca-is
2779 3485 2895 3531 Cae-

640 3557 844 3614 les-tibus,
867 3571 914 3604 n.
937 3559 1226 3616 5050··50⁶2·
1291 3563 1318 3582 ‘⁸
1339 3559 1765 3613 Haemorrhoides,
1780 3559 1807 3574 '¹
1832 3559 1991 3612 etiarn.
2012 3559 2188 3617 quibus
2218 3559 2428 3618 percussi
2456 3565 2569 3604 sunt
2602 3557 2897 3610 philiam.-

640 3630 837 3686 quando
858 3641 970 3675 aren
991 3629 1085 3674 Dei
1115 3630 1178 3675 ab
1198 3629 1289 3674 illis
1309 3637 1450 3688 capta
1471 3630 1738 3683 tenebatur,
1760 3629 2093 3689 significabant
2112 3643 2225 3676 vera
2244 3636 2560 3688 oonspureata
2582 3627 2719 3674 unns
2740 3628 2891 3680 vitae:

641 3697 726 3742 sed
747 3697 867 3742 haec
889 3705 936 3744 et
967 3698 1118 3756 plura.
1139 3711 1266 3755 quae
1287 3698 1351 3742 de
1379 3697 1453 3742 his
1475 3706 1805 3743 memorantur
1824 3699 1871 3743 in
1895 3699 2044 3744 Libro
2064 3698 2232 3743 Primo
2264 3695 2512 3749 Samuelis.
2534 3710 2639 3754 oep.
2664 3709 2709 3742 v.
2731 3695 2893 3741 videa·

641 3777 720 3816 tur
738 3783 898 3829 supra,
917 3785 965 3818 n.
979 3771 1196 3836 700[e],
1220 3772 1513 3830 explicata.)·
1579 3753 1845 3819 Verum
1881 3765 2415 3838 conspurcatum
2452 3755 2640 3818 malo
2672 3755 2888 3828 vitae,

642 3849 855 3913 etiam
891 3848 1316 3932 significatur
1351 3869 1474 3932 per
1512 3850 2084 3932 “praeputiatum
2102 3847 2134 3872 ”

740 3997 792 4058 (2
823 3997 973 4111 Sami·
987 3997 1018 4049 i.
1049 4011 1144 4124 23³:
1195 3997 1378 4049 Erech.
1403 3999 1585 4047 xxviii.
1613 4011 1707 4058 103
1754 4013 1869 4062 cap.
1895 3998 2038 4048 xxxi.
2060 3997 2155 4058 18;
2201 4013 2317 4062 cap.
2341 3997 2503 4048 xxxii.
2532 3998 2607 4056 18,
2636 4011 2727 4060 19;
2774 4011 2895 4062 cap,

903 4078 938 4111 x
959 4077 1026 4112 iv.
1052 4079 1084 4126 9
1121 4081 1131 4112 :

642 4202 1078 4286 praeputium
1123 4205 1307 4268 enim
1351 4204 1851 4288 correspondet
1902 4205 2119 4270 amori
2161 4224 2517 4286 corporeo,
2562 4205 2903 4286 quoniam·

643 4296 1047 4371 membrum,
1109 4297 1292 4379 quod
1351 4299 1787 4381 praeputium
1848 4299 2051 4380 tegit,
2112 4297 2613 4381 correspondet
2670 4299 2893 4362 amori

643 4389 980 4474 spirituali
1015 4401 1086 4454 et
1133 4391 1460 4456 caelesti:
1509 4402 1581 4456 et
1624 4393 1783 4475 quia
1828 4392 2233 4456 Philisthaei
2268 4392 2889 4474 repraesentabant

641 4486 800 4549 illos
836 4487 950 4569 qui
985 4487 1050 4550 in
1097 4487 1388 4550 scientia
1432 4496 1506 4550 et
1541 4488 2055 4570 cognitionibus
2089 4487 2233 4552 veri
2268 4497 2429 4552 sunt
2466 4487 2727 4569 absque
2758 4486 2890 4550 ali-

641 4600 779 4662 quo
808 4581 994 4645 bono
1025 4581 1359 4664 spirituali
1391 4592 1464 4646 et
1493 4581 1807 4656 caelesti,
1834 4582 1993 4647 ideo
2016 4583 2449 4646 vocabantur
2474 4589 2515 4616 ‘⁸
2533 4583 2889 4665 praeputi-

640 4675 740 4739 ati
763 4673 832 4758 θ’,
863 4685 935 4740 et
970 4675 1127 4759 quia
1161 4675 1278 4740 filii
1314 4675 1588 4740 Israelis
1624 4677 1835 4740 etiam
1866 4673 2232 4741 actualiter
2262 4674 2443 4741 tales
2478 4674 2779 4752 suerunt,
2802 4686 2887 4739 ut
