3259 5384
687 633 852 698 2042
1306 631 1805 683 APOCALYPSIS
1850 631 2300 684 EXPLICATA.

689 799 912 866 Causa
958 801 1138 885 quod
1185 821 1322 866 non
1369 801 1560 885 plura
1603 803 1693 866 de
1737 802 1871 866 illis
1912 803 2093 885 apud
2140 799 2625 884 Evangtlsktas
2666 798 2921 882 scripta

690 905 876 969 sunt,
915 906 1022 959 est
1069 897 1225 978 quia
1269 896 1356 960 de
1401 896 1533 959 iliis
1579 915 1717 960 non
1764 895 1956 978 plur-a
1998 896 2305 960 revelata
2344 905 2544 972 suun
2592 904 2666 957 at
2712 911 2923 976 unque

691 987 872 1070 apud
921 989 1326 1070 Prophetas,
1381 999 1454 1054 et
1505 991 1831 1072 imprimis
1890 991 1957 1052 in
2007 989 2315 1053 Psalmis
2360 987 2675 1062 Damidis,
2728 986 2923 1068 iar-ge

686 1082 1190 1146 describuntur.
1279 1083 1406 1146 Per
1443 1083 1814 1158 “bestias,’'
1848 1103 2001 1147 cum
2038 1085 2279 1165 quibus
2314 1082 2649 1144 Dominus
2678 1081 2925 1144 dicitur

687 1173 916 1249 fuisse,
953 1175 1426 1256 significantur
1461 1177 1834 1240 societates
1874 1177 2272 1253 infernales;
2324 1195 2405 1238 ac
2444 1195 2572 1257 per
2610 1172 2921 1254 “jejuna-—

689 1271 954 1334 tionem
973 1269 1004 1294 ”
1035 1268 1129 1334 ibi
1163 1269 1583 1352 significatur
1617 1267 1915 1346 afflietio,
1956 1271 2173 1352 qualis
2208 1279 2314 1333 est
2350 1270 2419 1332 in
2456 1268 2923 1332 tentationum

689 1364 956 1444 pugnis,

817 1462 944 1545 [00]
1011 1464 1160 1545 (iv.)
1209 1462 1415 1546 Quod
1459 1483 1581 1546 per
1621 1463 2079 1528 “desertum”
2110 1465 2319 1527 etiam
2354 1461 2783 1544 significetur
2814 1461 2922 1523 in·

687 1555 985 1632 fernum,
1033 1565 1140 1618 est
1185 1556 1340 1637 quia
1389 1555 1791 1618 “desertum
1814 1554 1844 1580 ”
1880 1555 2125 1619 dicitur
2168 1556 2279 1618 ubi
2322 1575 2461 1618 non
2506 1555 2747 1617 messis
2790 1571 2921 1616 'nec

689 1649 1054 1724 habitatio,
1113 1657 1258 1712 tum
1315 1649 1428 1711 ubi
1487 1657 1647 1712 sunt
1704 1649 1903 1723 ferae,
1964 1659 2338 1732 serpentes,
2382 1649 2739 1720 dracones,
2800 1667 2926 1728 per

595 1823 608 1834 .
687 1763 866 1825 quae
912 1741 1332 1824 significatur
1367 1742 1486 1806 ubi
1531 1761 1671 1805 non
1716 1753 1825 1806 est
1870 1763 2101 1806 verum
2146 1739 2495 1806 doctrinae
2538 1751 2609 1804 et
2663 1741 2924 1804 bonum

687 1838 917 1914 vitae3
979 1845 1481 1918 consequenter
1541 1837 1655 1899 ubi
1711 1847 1869 1900 sunt
1924 1837 2518 1918 concupiscentiae
2570 1855 2665 1897 ex
2723 1834 2926 1898 malis

687 1930 1050 2004 amoribus,
1097 1939 1170 1992 et
1217 1929 1373 1992 inde
1418 1928 1759 1994 falsitates
1804 1931 2025 1994 omnis
2070 1931 2375 2011 generis3
2430 1938 2502 1992 et
2546 1928 2703 2010 quia
2746 1927 2923 1992 haec

685 2023 755 2084 in
793 2023 1053 2086 inferno
1081 2031 1266 2096 sunt,
1301 2031 1372 2086 et
1411 2022 1530 2086 illa
1567 2024 1636 2086 in
1667 2023 1966 2100 deserte,
2000 2024 2155 2087 ideo
2188 2044 2281 2086 ex
2314 2021 2927 2104 coi-respondentia

692 2116 1093 2180 “desertum
1111 2115 1142 2140 ”
1163 2117 1374 2180 etiam
1405 2115 1747 2197 significat
1776 2116 2126 2180 infernum.
2200 2117 2559 2180 Praeterea
2590 2114 2924 2178 naturalis

687 2208 898 2272 homo
951 2210 1129 2291 apud
1183 2229 1523 2291 unumque
1537 2211 1731 2283 mvis,
1778 2210 2097 2292 quamdiu
2150 2211 2205 2272 is
2258 2207 2661 2291 “separatus
2716 2219 2830 2273 est
2884 2228 2926 2270 a

687 2302 1040 2384 spirituali,
1087 2302 1306 2384 qualis
1366 2313 1471 2366 est
1525 2312 1689 2366 ante
1731 2305 2345 2384 regenerationem,
2393 2312 2501 2366 est
2562 2302 2921 2375 infernum,

687 2416 780 2460 ex
821 2415 1032 2460 causa
1069 2398 1226 2478 quia
1269 2415 1474 2460 omne
1521 2397 1779 2460 malum
1825 2396 2327 2470 hereditarium,
2366 2398 2435 2460 in
2476 2397 2661 2479 quod
2709 2395 2927 2460 homo

687 2491 1010 2565 nascitur,
1043 2491 1299 2556 insidet
1336 2489 1478 2570 ejus
1513 2490 1809 2554 naturali
1846 2491 2121 2566 homini,
2156 2501 2226 2556 et
2263 2491 2421 2554 ind-e
2458 2509 2596 2554 non
2632 2488 2924 2570 ejicitur,

691 2583 824 2647 hoc
877 2595 1006 2660 est,
1053 2595 1466 2660 removetur,
1513 2605 1718 2668 quam
1770 2606 1889 2666 per
1932 2585 2257 2650 influxum
2312 2585 2539 2650 Divini
2583 2584 2749 2648 Veri
2804 2605 2929 2668 per

689 2678 958 2742 caelum
1004 2699 1045 2741 a
1083 2679 1424 2756 Domino;
1470 2689 1542 2744 et
1579 2681 1637 2742 is
1680 2679 1975 2744 influxus
2022 2698 2157 2742 non
2192 2679 2393 2743 datur
2426 2681 2495 2742 in
2534 2680 2927 2744 naturalem

689 2771 1038 2836 hominem
1073 2774 1198 2835 nisi
1230 2793 1350 2854 per
1381 2773 1801 2855 spiritualem
1827 2795 1843 2850 ;
1892 2773 2215 2836 naturalis
2247 2773 2427 2836 enim
2464 2773 2673 2836 homo
2702 2783 2821 2836 est
2858 2776 2927 2837 in

689 2865 968 2940 munde,
1007 2876 1079 2930 et
1125 2867 1493 2948 spiritualis
1537 2868 1604 2932 in
1650 2866 1889 2944 cae103
1934 2885 2139 2948 quare
2185 2867 2471 2948 primum
2514 2866 2927 2948 aperiendus

689 2967 798 3021 est
832 2959 1197 3040 spiritualis
1232 2960 1441 3024 homo
1471 2971 1839 3044 antequam
1873 2981 1911 3023 e
1950 2959 2143 3024 caelo
2179 2981 2220 3023 a
2256 2959 2554 3022 Domino
2584 2963 2929 3024 removeri

690 3063 927 3134 potest
964 3054 1318 3128 infernum,
1357 3053 1538 3136 quod
1575 3064 1684 3118 est
1724 3053 1791 3117 in
1830 3053 2121 3118 naturali
2165 3053 2459 3118 homine.
2550 3052 2929 3134 Quomodo

687 3145 855 3208 iliud
911 3156 1320 3222 removetur,
1378 3157 1963 3229 repraesentatum
2022 3157 2129 3210 est
2180 3167 2299 3230 per
2354 3147 2613 3210 hircum
2664 3145 2929 3211 Asasel

689 3250 1038 3314 vocatum,
1093 3239 1384 3320 ejectum
1437 3242 1504 3304 in
1561 3240 1946 3318 desertum3
2014 3261 2133 3322 per
2182 3241 2495 3306 “hircum
2516 3240 2546 3265 ”
2590 3241 2775 3304 enim
2836 3262 2929 3306 ex

692 3335 1300 3415 coi-respondentia
1359 3333 1779 3416 significatur
1836 3335 2163 3398 naturalis
2220 3335 2429 3398 homo
2482 3335 2709 3416 quoad
2778 3335 2929 3416 ejus

689 3426 1082 3492 affectiones
1141 3439 1212 3492 et
1278 3429 1728 3511 co‘gnitioneS,
1790 3448 1868 3492 ac
1928 3430 1993 3491 in
2054 3431 2371 3512 opposito
2427 3449 2628 3492 sensu
2692 3429 2931 3510 quoad

688 3520 830 3604 ejus
886 3522 1299 3606 cupiditates
1353 3533 1424 3586 et
1477 3519 1832 3586 falsitates.
1938 3521 2045 3587 De
2096 3523 2225 3586 hoc
2280 3521 2469 3586 hirco
2518 3523 2615 3586 ita
2666 3518 2931 3606 legitur

689 3616 867 3698 apud
902 3617 1156 3692 Mosen,

799 3761 960 3826 Quod
977 3761 1204 3814 Abaton
1223 3762 1488 3824 acciperet
1503 3761 1641 3815 dno-
1664 3762 1857 3820 hireos.
1874 3771 1931 3812 et
1951 3761 2102 3812 daret
2124 3775 2288 3824 super
2304 3761 2407 3812 iuis
2430 3769 2619 3819 sones,
2636 3775 2807 3810 unam
2830 3777 2931 3826 pro

952 3828 1099 3877 hirco
1125 3827 1491 3886 sacrificando,
1521 3827 1743 3876 aiteram
1818 3841 1878 3876 ro
1906 3827 2164 3886 Asasele;
2198 3838 2251 3876 et
2278 3835 2559 3890 postquam
2584 3841 2681 3888 per
2703 3828 2931 3893 sangui·-

951 3907 1074 3941 nem
1111 3891 1325 3954 iuvenci
1359 3891 1653 3950 sacrificati,
1689 3903 1744 3941 et
1814 3893 1905 3942 irei
1940 3891 2235 3951 sacrificati,
2268 3892 2563 3954 expiaverit
2598 3891 2927 3942 Tei-utorium

949 3968 1248 4007 conventus
1273 3967 1326 4007 et
1350 3957 1534 4016 altare,
1559 3957 1859 4019 imponeret
1882 3971 2077 4006 manus
2105 3971 2231 4008 suas
2256 3971 2419 4019 supet
2438 3965 2601 4018 eaput
2627 3956 2762 4006 hirci
2788 3958 2929 4008 Au-

949 4022 1044 4080 sel,
1068 4031 1124 4071 et
1145 4022 1485 4072 confiteretur
1507 4037 1669 4086 super
1690 4038 1757 4072 eo
1781 4022 2086 4086 iniquitates
2110 4031 2163 4071 et
2190 4033 2407 4084 peccata
2430 4021 2658 4070 filiorum
2687 4019 2927 4082 IsraeliS,

950 4101 1084 4150 quae
1113 4087 1259 4137 dabit
1293 4101 1455 4150 super
1481 4097 1641 4150 caput
1666 4087 1815 4146 hirci,
1837 4097 1891 4135 et
1920 4097 2108 4149 postea
2135 4087 2367 4136 mitteret
2396 4085 2543 4135 illum
2574 4100 2670 4149 per
2698 4099 2926 4137 manum

949 4152 1049 4200 viri
1085 4153 1336 4202 destinati
1371 4153 1426 4202 in
1461 4152 1750 4201 decertum.
1830 4151 1959 4201 “Sic
1984 4153 2217 4213 portabit
2242 4153 2611 4213 hircus-super
2638 4165 2698 4200 se
2726 4165 2927 4202 omna

947 4217 1258 4281 iniquitate·
1275 4217 1302 4238 ”
1327 4217 1558 4268 filiorum
1590 4215 1805 4270 Israelis
1830 4218 1859 4240 ‘⁴
1874 4217 1927 4266 in
1956 4225 2151 4268 terram
2179 4215 2507 4266 excisionis”
2529 4225 2586 4265 et
2612 4217 2927 4272 desertum:

945 4293 1003 4332 et
1026 4297 1236 4344 quoque
1263 4283 1314 4332 in
1337 4283 1554 4332 deserto
1579 4284 1979 4332 combureretur
2004 4281 2157 4338 cutis,
2176 4295 2305 4330 caro
2337 4291 2391 4331 et
2424 4281 2583 4333 fimus
2616 4281 2837 4343 juvenci
2871 4293 2929 4333 et

949 4348 1080 4398 hirci
1107 4347 1420 4404 sacrificati:
1463 4347 1541 4396 sic
1568 4347 1907 4414 expiarentur
1933 4356 1987 4395 et
2014 4347 2399 4396 mundarentur
2423 4346 2492 4396 ab
2518 4347 2777 4396 omnibus
2806 4360 2928 4410 pec-

947 4413 1080 4462 catis
1107 4411 1292 4474 (Levie.
1316 4414 1420 4464 xvi.
1443 4409 1679 4473 [·]5-34)ι

686 4563 857 4630 haec
905 4565 1233 4630 mandata
1277 4574 1436 4629 sunt
1489 4573 1564 4628 ut
1617 4583 1737 4646 per
1790 4581 1871 4628 ea
1916 4571 2539 4645 repraesentaretur
2581 4565 2923 4647 expiatio,
