3259 5384
596 652 677 702 22
692 640 765 703 18
1219 651 1718 705 APOCALYPSIS
1763 652 2214 705 EXPLICATA.

594 820 1133 885 confirmandum
1188 822 1417 885 omnia
1468 820 1607 898 illa,
1658 823 1751 887 sic
1808 823 1989 887 enim
2043 821 2404 888 falsificant
2459 822 2578 888 illa
2633 844 2832 907 usque

594 916 683 979 ad
721 913 1257 981 destructionem
1298 918 1524 981 Divini
1562 916 1728 981 Veri
1766 918 1948 1000 quod
1986 919 2055 982 in
2092 918 2288 982 caelo
2325 928 2472 983 est:
2531 919 2831 983 Verbum

595 1011 776 1073 enim
815 1020 1127 1075 nostrum
1172 1014 1240 1075 in
1288 1032 1490 1075 sensu
1538 1032 1662 1075 suo
1699 1012 2032 1095 spirituali
2071 1023 2179 1076 est
2219 1012 2540 1076 Divinum
2581 1013 2833 1077 Verum

594 1104 794 1186 quale
832 1114 937 1170 est
976 1107 1043 1169 in
1081 1106 1317 1185 caelo;
1372 1108 1427 1170 si
1464 1127 1705 1170 sensus
1743 1107 2018 1171 litterae
2057 1129 2268 1190 usque
2304 1108 2392 1171 ad
2429 1104 2836 1171 destructio-

594 1218 751 1262 nem
806 1198 985 1263 illius
1038 1200 1453 1275 falsificatur,
1502 1200 1888 1266 occluditur
1932 1201 2240 1279 caelum;
2303 1222 2463 1265 nam
2519 1202 2836 1265 Divinum

596 1289 854 1356 Verum
893 1296 1271 1376 procedens
1318 1317 1358 1358 a
1405 1296 1705 1359 Domino
1742 1295 1903 1361 facit
1942 1296 2230 1372 caelum,
2270 1298 2483 1360 immo
2527 1305 2636 1360 est
2683 1316 2838 1360 cae·

596 1386 778 1465 lum;
850 1389 1081 1470 angeli
1146 1391 1327 1453 enim
1392 1391 1483 1454 ibi
1551 1399 1711 1454 sunt
1771 1390 2002 1472 angeli
2071 1412 2162 1454 ex
2222 1392 2616 1473 receptione
2677 1390 2834 1471 ejus.

602 1479 725 1565 (8.)
775 1479 1049 1546 Dictum
1090 1494 1197 1547 est
1229 1484 1413 1566 quod
1444 1482 1542 1548 illi
1580 1484 1706 1548 sibi
1739 1485 2004 1548 caelum
2035 1504 2311 1569 prorsus
2342 1484 2694 1561 claudant,
2727 1484 2838 1567 qui

596 1585 669 1639 et
706 1573 1017 1640 doctrina
1055 1586 1127 1641 et
1170 1578 1316 1641 vita
1353 1577 1536 1641 bona
1581 1599 1791 1661 opera
1835 1578 2028 1642 nihili
2063 1579 2342 1653 faciunt,
2383 1599 2474 1641 ex
2513 1578 2838 1661 principio

597 1670 779 1753 quod
818 1668 985 1733 fides
1018 1671 1275 1755 absque
1311 1672 1507 1736 bonis
1541 1672 1858 1755 operibus
1883 1671 2212 1753 justificet
2249 1682 2322 1735 et
2358 1670 2624 1749 salvet;
2673 1692 2836 1754 pau·

594 1764 692 1827 cis
740 1782 915 1827 nunc
963 1765 1230 1829 dicetur
1274 1766 1621 1848 quomodo
1668 1764 1980 1830 dodStrina
2032 1764 2314 1841 claudit,
2363 1776 2435 1829 et
2490 1766 2835 1847 quomodo

595 1859 760 1921 vita.
852 1855 1182 1921 Doctrina
1237 1859 1495 1923 claudit
1556 1881 1677 1943 per
1735 1879 2168 1935 consensum,
2231 1860 2832 1933 asseverationem,

594 1951 1205 2028 confirmationem,
1247 1962 1319 2017 et
1362 1956 1871 2036 persuasionem
1917 1955 2099 2036 quod
2147 1956 2247 2017 ita
2292 1955 2403 2028 sit,
2446 1964 2612 2017 tunc
2655 1954 2834 2017 enim

594 2047 805 2111 homo
844 2062 978 2110 non
1020 2047 1227 2110 modo
1264 2050 1529 2130 cogitat
1568 2048 1749 2131 quod
1788 2050 1886 2112 ita
1923 2050 2035 2123 sit,
2067 2049 2190 2112 sed
2224 2050 2432 2112 etiam
2469 2047 2620 2111 vult
2656 2048 2836 2131 quod

594 2143 694 2205 ita
739 2142 868 2205 sit:
935 2142 989 2203 si
1044 2162 1253 2225 usque
1299 2142 1509 2206 homo
1553 2142 1717 2206 facit
1763 2142 1946 2206 bona
1991 2143 2147 2226 quia
2193 2142 2525 2205 mandata
2569 2152 2730 2205 sunt
2775 2142 2842 2206 in

597 2234 853 2310 Verb0,
891 2254 1027 2297 non
1066 2235 1199 2299 alia
1236 2236 1417 2299 bona
1446 2236 1609 2300 facit
1641 2256 1848 2319 quam
1883 2237 2065 2300 bona
2097 2236 2383 2299 moralia
2420 2257 2510 2299 ex
2550 2235 2844 2299 naturali

595 2330 895 2403 homine,
946 2350 1120 2411 quae
1173 2329 1358 2393 bona
1410 2339 1570 2394 sunt
1624 2331 1714 2394 ab
1767 2331 1938 2413 ipse,
1987 2341 2059 2394 et
2114 2351 2384 2414 quoque
2437 2330 2609 2393 haec
2663 2330 2844 2393 bona

596 2434 757 2488 sunt
812 2425 1196 2500 meritoria3
1258 2443 1418 2487 nam
1474 2442 1678 2487 omne
1730 2425 1952 2489 facere
2005 2425 2300 2489 hominis
2356 2436 2464 2489 est
2519 2446 2610 2488 ex
2665 2424 2846 2487 velle

596 2519 759 2601 ejus,
809 2528 879 2582 et
933 2528 1040 2581 est
1094 2519 1270 2582 sicut
1323 2519 1504 2582 velle
1556 2518 1721 2599 eju3‚
1768 2517 2020 2583 factum
2075 2521 2256 2583 enim
2309 2540 2446 2583 non
2500 2520 2684 2583 aliud
2738 2529 2845 2582 est

596 2632 799 2698 quam
838 2613 1156 2676 voluntas
1194 2613 1261 2675 in
1298 2633 1421 2676 suo
1458 2610 1725 2690 aEtivo3
1779 2633 1986 2696 quare
2025 2633 2178 2678 cum
2217 2613 2428 2703 hqmo
2465 2614 2736 2695 cogitat
2773 2620 2846 2676 et

597 2728 867 2792 quoque
920 2706 1070 2770 vult
1125 2706 1306 2788 quod
1359 2706 1525 2770 nihil
1582 2706 1989 2771 salvationis
2044 2709 2110 2771 in
2166 2709 2484 2791 operibus
2538 2710 2652 2783 sit,
2710 2726 2847 2771 non

597 2812 832 2886 potest
858 2799 991 2864 alia
1015 2801 1197 2864 bona
1221 2799 1463 2875 facere,
1493 2821 1697 2885 quam
1724 2802 1899 2865 sicut
1927 2802 2121 2885 origo
2145 2821 2380 2865 eorum
2414 2812 2542 2867 est.
2637 2800 2848 2865 Tales

597 2906 756 2961 sunt
794 2895 992 2959 multi
1031 2896 1299 2970 eruditi,
1340 2896 1453 2979 qui
1499 2894 1719 2959 solam
1759 2896 1961 2960 fidem
2009 2897 2192 2979 apud
2239 2917 2314 2960 se
2357 2895 2849 2960 confirmarunt

598 2990 1109 3074 praedicatione
1147 2998 1219 3052 et
1258 2990 1567 3072 scriptis:
1616 2989 1860 3053 horum
1896 3010 2089 3053 mens
2124 2991 2193 3053 in
2225 2991 2483 3054 mundo
2514 2989 2850 3072 spirituali

596 3093 883 3168 apparet
931 3086 1107 3147 sicut
1153 3083 1308 3147 velo
1356 3081 1563 3159 tecta,
1612 3092 1732 3146 aut
1779 3084 1957 3148 sicut
2003 3084 2220 3147 denso
2266 3085 2464 3147 nubis
2509 3082 2843 3157 involuta.

597 3200 771 3263 quae
815 3186 1053 3242 arcent
1100 3198 1185 3241 ne
1242 3177 1361 3240 lux
1416 3198 1534 3241 seu
1580 3196 1816 3241 verum
1871 3198 1908 3241 e
1954 3177 2162 3241 caelo·
2195 3180 2448 3257 intret;
2510 3180 2611 3241 ita
2666 3178 2846 3262 apud

596 3274 753 3339 illos
799 3273 1137 3336 clauditur
1173 3269 1459 3335 caelum.
1552 3271 1724 3335 Vita
1769 3280 2002 3335 autem
2050 3273 2423 3336 secundum
2464 3270 2849 3335 doctrinam

596 3388 871 3453 prorsus
917 3366 1175 3430 claudit
1223 3365 1513 3441 caelum,
1564 3367 1720 3449 quia
1767 3366 1935 3429 fides
1980 3387 2214 3430 eorum
2269 3376 2378 3431 est
2430 3367 2614 3450 quod
2671 3368 2854 3430 bona

595 3464 782 3526 vitae
806 3481 942 3525 non
970 3461 1264 3535 salvent,
1294 3480 1419 3524 nec
1456 3459 1638 3523 mala
1662 3462 1847 3524 vitae
1875 3461 2362 3524 condemnent.
2441 3458 2564 3544 (9.)
2615 3458 2852 3525 Simile

597 3565 728 3632 est,
785 3557 841 3618 si
896 3556 1161 3618 dicatur
1216 3555 1397 3637 quod
1454 3552 1720 3618 caelum
1775 3554 2032 3618 homini
2090 3553 2398 3618 clausum
2453 3556 2566 3631 sit,
2620 3566 2748 3619 aut
2799 3556 2853 3617 si

597 3650 863 3713 dicatur
895 3649 1075 3732 quod
1111 3668 1303 3711 mens
1342 3650 1648 3730 superior
1677 3647 1996 3725 hominis,
2034 3670 2206 3732 quae
2245 3668 2440 3712 mens
2473 3648 2852 3731 spiritualis

598 3743 740 3826 ejus
777 3752 1083 3817 vocatur,
1118 3742 1349 3806 clausa
1388 3744 1519 3819 sit3
1568 3761 1728 3805 nam
1769 3763 1962 3806 mens
1994 3742 2362 3826 spiritualis
2401 3742 2710 3807 hominis
2749 3752 2854 3808 est

598 3839 864 3904 caelum
911 3838 1073 3920 ejus»,
1122 3858 1329 3920 quare
1382 3858 1502 3921 per
1546 3836 1735 3901 illam
1789 3848 1896 3901 est
1955 3836 2214 3902 homini
2260 3835 2654 3919 conjunctio
2704 3856 2854 3902 cum

598 3933 833 4012 caelo;
879 3954 958 3997 ac
1000 3953 1191 3996 mens
1231 3932 1559 3996 naturalis
1591 3942 1700 3995 est
1740 3933 2033 3995 mundus
2067 3932 2232 4013 ejuS‚
2266 3953 2475 4016 quare
2507 3954 2630 4016 per
2664 3931 2852 3998 illam

599 4040 706 4093 est
740 4028 998 4091 homini
1023 4024 1408 4109 conjunctio
1432 4046 1587 4091 cum
1620 4027 1896 4090 mund0.
1987 4026 2357 4109 Quomodo
2383 4037 2619 4091 autem
2660 4048 2854 4091 mens

599 4120 965 4206 spiritualis
1018 4123 1337 4205 aperitur,
1386 4131 1457 4186 et
1511 4123 1605 4185 sic
1662 4120 1920 4185 homini
1974 4123 2509 4186 communicatio
2555 4132 2629 4186 et
2692 4143 2854 4187 con-

591 4214 856 4297 junctio
890 4214 1092 4278 datur
1128 4232 1281 4277 cum
1317 4213 1537 4289 caele,
1575 4232 1780 4295 supra
1824 4229 1894 4289 (n.
1917 4227 2144 4294 79o[b])
2175 4214 2578 4296 expositum
2614 4225 2753 4279 est.

716 4314 890 4397 798
900 4312 1043 4397 [a]·
1106 4312 1590 4393 “Ele-'phemone
1640 4332 1856 4376 nomon
1903 4312 2454 4395 Ipsius.”—-Quod
2506 4314 2854 4397 significet

582 4406 1025 4491 falsificando
1048 4425 1232 4469 omne
1252 4404 1446 4487 quale
1466 4406 1625 4489 ejus,
1654 4414 1932 4469 constat
1959 4426 2049 4469 ex
2076 4404 2577 4487 significatione
2603 4410 2648 4439 ‘⁸
2667 4407 2849 4470 blas-

599 4502 987 4585 phemare,”
1010 4501 1193 4585 quod
1220 4502 1307 4564 sit
1334 4498 1691 4565 falsificare
1725 4500 2045 4563 Divinum
2073 4498 2355 4575 Verum,
2383 4501 2484 4563 ita
2515 4500 2849 4576 Verbum,

601 4594 785 4676 quod
816 4614 857 4657 a
888 4592 1214 4668 Domine,
1240 4603 1311 4656 et
1336 4592 1521 4675 quod
1545 4601 1655 4657 est
1682 4592 2020 4656 Dominus
2053 4608 2139 4670 (de
2156 4621 2255 4667 qua
2270 4620 2386 4654 mox
2403 4620 2570 4668 supra,
2588 4622 2638 4657 n.
2657 4606 2808 4675 797)
2831 4612 2848 4669 ;
