3259 5384
507 662 672 746 1916
1122 679 1624 734 APOCALYPms
1670 683 2121 736 EmecATA.

498 858 692 912 erant
738 857 812 913 et
865 869 1260 931 persuasura
1305 861 1380 917 ut
1425 854 1783 920 crederent
1828 856 2010 938 quod
2066 856 2298 920 Moses
2344 857 2587 922 missus
2630 857 2738 932 sit,

499 953 576 1006 ut
621 943 944 1008 educeret
989 965 1107 1008 eos
1152 967 1241 1010 ex
1298 947 1669 1030 Aegypto;
1733 967 1941 1032 quare
1986 961 2092 1014 ter
2135 951 2381 1015 dicitur
2420 958 2553 1015 “ut
2596 973 2739 1016 cre·

500 1037 729 1115 dant‚”
753 1047 824 1103 et
855 1059 1120 1122 quoque
1150 1047 1190 1073 ‘⁸
1209 1052 1283 1105 ut
1315 1043 1594 1106 audiant
1625 1063 1865 1108 vocem
1882 1043 1912 1070 '⁹
1936 1044 2095 1126 ejus.
2182 1044 2394 1128 Apud
2427 1047 2737 1120 eundem,

601 1179 799 1230 “Dixit
827 1181 1072 1246 Jehovah
1099 1183 1167 1232 ad
1197 1181 1410 1244 Mosen,
1435 1185 1730 1250 Quousque
1760 1189 1990 1250 populus
2021 1184 2182 1254 [hic].
2202 1226 2215 1238 .
2234 1226 2247 1240 .
2268 1203 2403 1239 ‚nou
2434 1191 2653 1240 credent
2686 1175 2762 1238 in'

760 1246 866 1306 Me,
887 1257 1104 1310 propter
1131 1250 1316 1298 omnia
1343 1251 1501 1314 signa
1527 1267 1663 1315 quae
1692 1252 1795 1302 feci
1830 1255 1885 1301 in
1914 1255 2093 1302 medio
2120 1257 2343 1305 eorum?
2408 1255 2615 1304 Omnes
2641 1256 2740 1304 viri

760 1314 850 1376 qui
887 1313 1134 1362 viderunt
1161 1315 1389 1377 gloriam
1415 1331 1610 1376 meam,
1636 1327 1690 1366 et
1724 1317 1883 1380 signa
1916 1333 2053 1382 quae
2087 1319 2187 1368 feci
2224 1321 2279 1368 in
2306 1321 2389 1370 Ae
2502 1331 2559 1370 to
2593 1330 2648 1371 et
2684 1322 2737 1370 in

754 1378 1009 1435 deserto„
1031 1417 1044 1429 .
1064 1417 1077 1430 .
1097 1395 1232 1430 ,non
1259 1381 1560 1431 videbunt”
1585 1391 1782 1432 terram
1807 1382 1996 1445 (Num.
2028 1385 2132 1434 xiv.
2162 1398 2236 1444 11,
2264 1382 2369 1450 22[,
2394 1398 2457 1446 23
2487 1387 2538 1449 ):

495 1519 806 1583 similiter
841 1521 950 1584 hic
989 1521 1311 1585 miracula
1346 1534 1680 1588 vocantur
1714 1526 2026 1608 “signa,”
2064 1529 2219 1610 quia
2255 1528 2499 1592 dicitur
2537 1532 2737 1592 “cre-

495 1613 656 1677 dere
683 1614 734 1692 ;”
755 1635 934 1692 nam,
959 1627 1033 1680 ut
1055 1615 1312 1680 dictum
1336 1629 1463 1694 est,
1486 1620 1809 1683 miracula
1824 1621 2143 1686 dicuntur
2161 1624 2356 1704 signa
2380 1633 2741 1705 propterea

495 1719 569 1772 ut
600 1710 1056 1791 persuadeant
1088 1721 1158 1776 et
1191 1712 1518 1777 inducant
1549 1713 1793 1792 fidem;
1839 1725 1910 1779 et
1943 1718 2099 1798 quia
2122 1718 2317 1798 signa
2347 1719 2526 1799 apud
2560 1717 2733 1790 illos,

493 1805 606 1886 qui
631 1803 991 1867 noluerunt
1025 1806 1273 1869 intrare
1305 1808 1373 1868 in
1405 1818 1657 1871 terram
1684 1808 2072 1873 Canaanem
2098 1821 2375 1892 propter
2398 1812 2733 1884 timorem,

493 1918 627 1960 non
656 1899 1068 1962 induxerunt
1096 1899 1320 1976 fidem,
1346 1901 1502 1964 ideo
1534 1903 1622 1964 de
1654 1903 1783 1966 illis
1816 1903 2079 1980 dicitur,
2107 1905 2287 1986 quod
2318 1909 2509 1967 “non
2535 1905 2735 1967 visuri

492 1993 799 2056 terram.”
891 1991 1178 2076 (Similia
1215 2015 1334 2076 per
1374 1997 1630 2077 “signa
1646 1997 1677 2021 ”
1712 1997 2198 2079 significantur,
2238 1997 2455 2062 Exod.
2492 2000 2577 2062 iv,
2618 2013 2733 2079 17;

492 2095 563 2150 et
600 2105 746 2168 cap.
787 2107 856 2150 x,
905 2103 957 2163 1,
991 2087 1083 2172 2.)
1169 2088 1379 2170 Apud
1417 2087 1920 2172 Evangelistas,

591 2231 807 2283 Scribae
830 2243 885 2284 et
911 2233 1186 2285 Pharisaei
1211 2235 1477 2296 dicebant,
1501 2239 1533 2260 ⁸⁸
1555 2236 1830 2300 Magister,
1851 2236 2101 2292 volumus
2123 2252 2158 2286 a
2180 2237 2260 2288 Te
2284 2237 2499 2300 signum
2520 2238 2701 2287 videre
2722 2254 2733 2296 ;

754 2310 809 2349 et
846 2299 971 2362 lpse
1006 2301 1344 2363 respondens
1379 2302 1593 2361 dixit...
1629 2301 1921 2352 Generatio
1956 2318 2123 2368 prava
2156 2315 2210 2352 et
2244 2305 2485 2352 adultera
2518 2304 2731 2365 signum

755 2367 976 2429 quaerit,
1001 2367 1096 2414 sed
1122 2367 1336 2428 signum
1365 2381 1474 2415 non
1500 2367 1715 2417 dabitur
1742 2367 1815 2417 illi
1845 2369 1949 2416 nisi
1974 2369 2188 2430 signum
2213 2367 2385 2432 Jonae
2411 2369 2731 2430 prophetae:

754 2432 1206 2494 quemadmodum
1250 2433 1352 2480 fuit
1385 2431 1555 2496 Jonas
1595 2433 1651 2480 in
1692 2443 1878 2482 ventre
1901 2435 2003 2482 ceti
2045 2434 2213 2483 tribus
2247 2435 2437 2483 diebus
2473 2444 2528 2482 et
2566 2435 2733 2483 tribus

759 2493 1023 2556 noctibus,
1049 2497 1125 2546 sic
1150 2497 1250 2546 erit
1277 2497 1441 2546 Filius
1465 2497 1702 2546 hominis
1731 2499 1783 2546 in
1812 2495 2027 2547 [¹]eorde
2056 2509 2229 2548 terrae
2258 2499 2427 2548 tribus
2457 2499 2647 2548 diebus
2680 2509 2734 2548 et

760 2561 929 2610 tribus
959 2560 1208 2611 noctibus
1223 2561 1252 2582 ”
1277 2561 1491 2624 (Matth.
1517 2564 1606 2612 xii.
1632 2563 1827 2624 38-403
1860 2564 1984 2612 Luc.
2010 2564 2079 2614 xi.
2101 2567 2176 2622 16,
2194 2576 2271 2626 29.
2289 2565 2401 2625 3o):
2734 2579 2739 2582 ·

497 2711 680 2792 quod
719 2729 838 2792 per
873 2711 1197 2794 “signum
1215 2711 1245 2738 ’³
1282 2709 1705 2793 intelligatur
1741 2708 2133 2777 testificatio
2170 2722 2244 2777 ut
2278 2713 2729 2794 persuadean-

495 2816 608 2869 tur
651 2815 723 2869 et
761 2805 1042 2870 credant
1081 2807 1262 2889 quod
1303 2807 1635 2870 Dominus
1672 2817 1853 2871 esset
1894 2807 2178 2871 Messias
2221 2819 2292 2872 et
2332 2808 2541 2871 Filius
2580 2808 2727 2884 Dei,

489 2901 602 2981 qui
638 2911 983 2976 venturuS,
1019 2910 1252 2981 patet;
1302 2919 1460 2963 nam
1499 2901 1822 2964 miracula
1856 2921 2027 2984 quae
2062 2902 2393 2965 Dominus
2430 2903 2497 2964 in
2534 2903 2727 2983 copia

487 2995 763 3070 fecerat,
787 3005 856 3058 et
878 2991 1050 3076 quae
1068 2995 1404 3070 viderunt,
1429 3015 1564 3058 non
1589 2995 1723 3058 illis
1748 3006 1941 3060 erant
1962 2997 2157 3077 signa
2180 3019 2196 3073 ;
2235 3018 2325 3061 ex
2346 3016 2548 3060 causa
2572 2998 2727 3079 quia

495 3088 818 3151 miracula
868 3109 1003 3151 non
1053 3100 1212 3152 sunt
1263 3090 1478 3172 signa,
1519 3099 1594 3152 ut
1646 3109 1845 3171 supra
1882 3087 2137 3154 dictum
2187 3100 2313 3164 est,
2354 3091 2477 3153 nisi
2527 3109 2727 3173 quam

488 3183 667 3263 apud
695 3183 950 3246 bonos:
999 3184 1180 3265 quod
1211 3183 1472 3265 “Jonas
1497 3183 1695 3248 suerit
1726 3185 1791 3246 in
1819 3194 2058 3248 ventre
2089 3186 2223 3248 ceti
2255 3185 2467 3248 tribus
2492 3184 2727 3248 diebus

488 3288 560 3341 et
599 3278 812 3340 tribus
850 3275 1219 3353 noctibus?
1255 3287 1325 3340 et
1373 3277 1439 3340 id
1484 3291 1905 3360 assumptum
1944 3279 2028 3340 sit
2070 3299 2191 3360 pro
2232 3277 2544 3360 “signo,”
2581 3289 2727 3342 erat

489 3372 646 3454 quia
688 3372 755 3435 id
803 3371 1229 3453 significabat
1269 3371 1543 3434 Domini
1579 3371 1999 3452 sepulturam
2034 3382 2107 3435 et
2143 3370 2723 3445 resurrectionem,

489 3469 587 3531 ita
618 3467 1180 3550 glorificationem
1210 3466 1508 3529 Humani
1541 3466 1759 3546 Ipsius
1790 3467 1876 3530 ad
1912 3467 2226 3548 plenum;
2264 3473 2459 3530 “tres
2484 3467 2627 3529 dies
2657 3476 2727 3528 et

487 3573 629 3626 tres
663 3560 945 3626 noctes”
975 3563 1182 3625 etiam
1215 3560 1599 3643 significant
1635 3561 1722 3624 ad
1762 3561 2057 3643 plenum.
2145 3560 2356 3642 Apud
2386 3560 2727 3626 Matthae-

487 3677 620 3733 um,

591 3795 619 3816 ⁸·
637 3791 910 3842 Pharisaei
934 3801 989 3841 et
1013 3789 1306 3840 Sadducaei
1333 3799 1602 3839 tentantes
1624 3799 1881 3852 rogarunt
1897 3788 1925 3809 ’'
1943 3788 2128 3855 Jesum
2156 3793 2255 3839 “ut
2280 3791 2494 3854 signum
2514 3805 2545 3840 e
2568 3791 2729 3840 caelis

753 3858 1061 3907 ostenderet
1089 3857 1196 3906 illis
1219 3871 1232 3912 ς
1277 3855 1400 3919 Ipse
1430 3857 1765 3918 respondens
1793 3856 1949 3906 dixit.
1970 3893 2007 3914 .,
2038 3855 2175 3905 Cum
2205 3871 2431 3919 vespera
2459 3855 2603 3906 iacta
2630 3866 2727 3914 est,

750 3923 942 3982 dicitis,
963 3921 1250 3980 serenitas,
1265 3922 1469 3971 caelum
1485 3922 1630 3970 enim
1651 3922 1828 3970 rubet.
1848 3957 1861 3970 .
1882 3958 1893 3970 .
1920 3935 1932 3980 ;
1962 3933 2015 3970 et
2031 3935 2205 3978 mane,
2226 3921 2403 3970 Hodie
2420 3931 2728 3984 tempestas,

753 3989 907 4038 rubet
935 3987 1078 4036 enim
1109 3988 1259 4036 triste
1287 3989 1524 4036 existens
1551 3987 1787 4037 caelum:
1824 3987 2150 4049 hypocritae,
2180 3986 2371 4034 faciem
2395 3987 2531 4036 caeli
2558 3988 2729 4036 nostis

750 4053 1061 4116 dijudicare,
1097 4054 1254 4114 signa
1290 4063 1468 4102 autem
1505 4061 1809 4114 temporum
1846 4066 1955 4100 non
1994 4053 2250 4114 potestis:
2292 4051 2441 4100 natio
2476 4067 2642 4114 prava
2674 4062 2729 4101 et

748 4119 993 4168 adultera
1021 4119 1236 4180 signum
1265 4118 1498 4180 requirit,
1524 4118 1619 4166 sed
1650 4118 1863 4181 signum
1894 4131 2003 4166 uon
2033 4117 2247 4166 dabitur
2276 4117 2349 4166 illi
2380 4117 2483 4166 nisi
2514 4118 2727 4180 signum

749 4184 926 4249 Jonae
947 4185 1241 4246 prophetae
1255 4182 1283 4202 ’⁹
1307 4183 1432 4246 (xvi.
1461 4185 1602 4244 1-4):

486 4364 607 4427 per
635 4339 1020 4426 “signum,”
1043 4338 1225 4425 quod
1259 4341 1597 4422 petierunt
1630 4363 1668 4404 e
1700 4339 1914 4416 caelo,
1940 4339 2148 4404 etiam
2178 4340 2287 4404 hic
2320 4339 2725 4422 intelligitur

485 4436 881 4502 testificatio
942 4446 1014 4500 ut
1075 4437 1605 4518 persuadeantur
1664 4445 1733 4498 et
1801 4435 2082 4499 credant
2142 4435 2324 4517 quod
2388 4433 2722 4498 Dominus

490 4542 673 4595 esset
701 4531 911 4594 Filius
937 4529 1088 4606 Dei,
1116 4530 1393 4593 tametsi
1427 4528 1749 4592 miracula
1779 4526 1956 4592 facta
1981 4539 2139 4592 sunt
2164 4549 2335 4611 quae
2362 4548 2497 4592 non
2530 4529 2725 4592 dixe-

488 4635 647 4689 runt
685 4625 918 4707 signa3
979 4623 1160 4707 quod
1209 4621 1542 4687 Dominus
1579 4623 1832 4687 dixerit
1870 4634 2031 4686 tunc
2072 4623 2157 4687 de
2194 4642 2477 4706 vespera
2522 4633 2593 4688 et
2638 4623 2726 4686 de
