3259 5384
891 641 1050 693 cAP.
1091 641 1278 706 xm„
1317 641 1526 694 vens.
1566 629 1788 692 8.—N.
1827 625 2190 712 8o5[b‹v12›].
2487 639 2649 712 2251

420 809 605 890 quod
643 785 850 873 Sacra
879 809 1068 874 Cena
1099 812 1188 874 sit
1221 808 1719 874 sanctissimum
1752 810 1997 884 cultuS,
2024 830 2104 875 ac
2147 809 2339 893 plura
2368 810 2655 889 similia3

418 901 592 966 haec
631 915 826 968 erunt
862 903 1056 968 fidei:
1106 905 1416 970 similiter
1453 905 1636 987 quod
1683 905 1939 988 absque
1986 905 2185 968 bonis
2221 925 2359 968 non
2404 906 2493 970 sit
2529 904 2655 969 ali-

417 1016 554 1080 qua
583 999 728 1062 vita
763 998 958 1078 fidei;
1005 1019 1166 1063 nam
1197 1000 1362 1064 dicit
1397 999 1753 1076 Dominus,

517 1135 624 1202 Qui
649 1139 793 1188 audit
827 1147 878 1188 et
914 1153 1023 1187 non
1060 1139 1201 1198 facit,
1227 1140 1272 1188 is
1307 1149 1390 1189 est
1419 1140 1556 1188 sicut
1583 1140 1779 1189 stultus
1818 1139 2001 1198 homo,
2031 1138 2121 1202 qui
2154 1139 2401 1188 aedificat
2436 1129 2657 1187 domum

681 1216 842 1265 super
863 1205 1028 1253 humo
1061 1207 1262 1268 absque
1298 1205 1685 1264 fundamento:
1719 1215 1777 1254 at
1805 1205 1851 1254 is
1886 1205 1977 1268 qui
2001 1205 2153 1254 audit
2174 1213 2229 1253 et
2251 1203 2391 1262 facit,
2417 1205 2560 1268 quod
2584 1204 2655 1253 sit

681 1268 844 1317 homo
870 1271 1103 1332 prudens
1128 1270 1263 1320 sicut
1285 1271 1375 1334 qui
1399 1269 1645 1320 aedificat
1666 1271 1887 1320 domum
1911 1284 2073 1334 super
2090 1270 2447 1320 fundamento
2470 1284 2539 1320 ex
2562 1269 2660 1320 Pe·

681 1343 762 1384 tra
788 1331 1026 1400 [(Matth.
1052 1335 1139 1385 vii.
1165 1347 1245 1397 24,
1275 1331 1399 1400 26)].

417 1459 616 1525 Haec
649 1472 719 1526 et
745 1463 1006 1536 similia,
1029 1475 1366 1548 quatenus
1397 1464 1759 1538 credenda,
1788 1473 1945 1526 sunt
1978 1463 2201 1528 media
2226 1473 2296 1526 et
2322 1473 2657 1526 vocantur

414 1555 594 1631 fidei,
629 1566 701 1621 et
745 1569 1082 1641 quatenus
1126 1559 1456 1632 facienda,
1497 1569 1659 1622 sunt
1704 1559 1929 1622 media
1964 1568 2039 1622 et
2075 1569 2411 1621 vocantur
2447 1559 2653 1631 vitae,

413 1650 558 1713 sine
595 1652 839 1733 quibus
875 1652 1082 1716 homo
1121 1673 1256 1716 non
1295 1652 1539 1716 salvari
1577 1662 1851 1736 potest:
1900 1652 2069 1716 haec
2102 1672 2279 1715 vana
2318 1652 2565 1726 forent,
2600 1654 2657 1716 si

414 1763 534 1825 pro
571 1745 708 1808 illis
747 1747 955 1809 modo
992 1747 1263 1811 unicum
1301 1746 1454 1822 hoc,
1489 1747 1673 1830 quod
1703 1755 1989 1810 vocatur
2019 1744 2206 1819 fides,
2243 1746 2441 1819 foret,
2468 1747 2652 1828 quod

413 1837 627 1902 homo
687 1841 990 1904 salvetur
1050 1861 1170 1923 per
1221 1841 1440 1904 solam
1500 1841 2031 1905 misericordiam
2092 1841 2311 1904 Patris
2378 1851 2658 1922 propter

414 1930 688 2008 Filium,
744 1945 818 1998 et
877 1955 998 2017 per
1053 1935 1581 2017 imputationem
1638 1935 1861 1998 meriti
1920 1935 2162 2016 IpsiuS.
2254 1932 2457 2015 Quod
2516 1953 2655 1999 non

415 2027 612 2092 detur
649 2030 1050 2092 immediata
1079 2030 1562 2104 misericordia,
1597 2030 1720 2092 sed
1760 2029 2083 2103 mediata,
2118 2038 2189 2093 et
2224 2028 2405 2112 quod
2444 2049 2656 2111 usque

413 2121 622 2184 homo
660 2143 752 2186 ex
800 2143 963 2204 pura
1001 2123 1460 2188 misericordia
1496 2123 1786 2188 ducatur
1821 2143 1863 2187 a
1901 2121 2199 2186 Domino
2237 2123 2325 2186 ab
2370 2122 2657 2200 infantia

414 2215 498 2278 ad
529 2214 881 2280 senectam
913 2216 1075 2298 ejus,
1111 2238 1188 2280 ac
1220 2227 1464 2300 postea
1495 2218 1561 2281 in
1594 2227 1973 2292 aeternum,
2002 2217 2312 2280 videatur
2343 2218 2410 2280 in
2445 2237 2655 2298 opere

411 2306 512 2370 De
563 2307 768 2372 Caelo
805 2318 872 2371 et
909 2308 1186 2389 Infirno
1236 2325 1611 2385 (n.521-527);
1674 2309 1774 2373 ita
1826 2328 1952 2372 nec
2006 2309 2210 2372 datur
2251 2308 2655 2372 immediata

415 2398 745 2464 salvatio:
815 2421 905 2480 ex
959 2421 1094 2482 quo
1147 2402 1452 2482 sequitur
1495 2400 1677 2484 quod
1733 2400 2118 2482 redemptio
2177 2421 2315 2462 non
2376 2401 2465 2464 sit
2520 2399 2655 2464 alia

414 2513 611 2574 quam
645 2495 829 2576 quod
863 2495 1194 2558 Dominus
1227 2517 1318 2560 ex
1345 2495 1603 2558 inferno
1635 2494 1999 2557 redemerit
2037 2493 2193 2557 illos
2223 2495 2334 2575 qui
2368 2494 2655 2560 credunt¹

413 2586 476 2648 in
524 2585 781 2670 Ipsum,
831 2598 902 2652 et
948 2589 1201 2652 faciunt
1258 2610 1433 2671 quae
1479 2589 1866 2671 praecepit;
1930 2589 2041 2670 qui
2103 2597 2338 2651 tamen
2398 2588 2656 2670 absque

412 2681 716 2746 adventu
749 2681 965 2764 Ipsius
997 2683 1064 2745 in
1097 2683 1422 2746 mundum
1457 2703 1592 2745 non
1627 2682 1872 2745 salvari
1907 2691 2299 2764 potuerunt,
2334 2683 2653 2764 quoniam

413 2775 666 2858 absque
713 2777 1014 2840 adventu
1062 2777 1279 2859 Ipsius
1328 2797 1464 2839 non
1510 2776 1785 2840 credere
1833 2776 2219 2857 potuissent
2272 2777 2340 2840 in
2398 2775 2651 2858 Ipsum,

413 2888 532 2932 nec
579 2869 804 2934 facere
850 2891 1024 2953 quae
1070 2873 1444 2953 praecepit,
1485 2879 1558 2933 et
1604 2871 1698 2932 sic
1746 2871 1973 2932 vivere
2033 2869 2121 2932 ab
2177 2869 2358 2952 Ipso·
2450 2867 2652 2950 Quod

411 2960 502 3024 illi
537 2961 724 3027 sunt‘
749 2967 860 3046 qui
906 2985 1025 3048 per
1057 2955 1512 3047 “redemptos
1530 2962 1562 2990 ’⁹
1593 2965 1663 3028 in
1696 2963 1931 3027 Verbo
1966 2961 2464 3044 intelligantur,
2492 2960 2653 3026 alibi

410 3057 766 3121 videbitur.

535 3151 711 3235 (vii.)
781 3151 975 3230 Quod
996 3152 1066 3216 in
1096 3151 1221 3216 illa
1231 3151 1380 3236 fide
1409 3152 1503 3216 sit
1532 3151 1720 3215 nulla
1730 3151 2003 3234 -relzgz'O,
2031 3151 2155 3214 sed
2176 3151 2358 3234 quod
2378 3151 2479 3214 sit
2503 3150 2651 3214 ina-

410 3244 602 3310 nitas.
627 3257 698 3309 et
730 3247 1050 3310 vacuitas.
1143 3245 1322 3328 Quid
1371 3247 1635 3328 religi0,
1671 3247 1797 3310 nisi
1845 3256 1918 3309 ut
1958 3247 2145 3309 vivat
2193 3246 2422 3320 hom0,
2465 3255 2538 3308 ut
2583 3247 2651 3308 in

409 3340 670 3404 caelum
709 3343 962 3416 veniat,
1003 3361 1081 3405 ac
1120 3353 1194 3406 ut
1233 3343 1404 3406 sciat
1445 3341 1791 3424 quomodo
1822 3341 2190 3404 vivendum
2228 3340 2389 3404 est?
2465 3339 2652 3404 Scire

409 3433 520 3499 illa
555 3445 845 3500 vocatur
889 3433 1218 3513 doctrina,
1260 3456 1338 3499 ac
1393 3436 1672 3502 credere
1716 3435 1835 3498 illa
1881 3445 1953 3500 et
1999 3437 2227 3498 vivere
2274 3435 2651 3498 secundum

410 3529 522 3592 illa
557 3540 847 3594 vocatur
890 3531 1148 3612 religio.
1241 3530 1352 3593 Ex
1401 3527 1715 3594 doctrina
1758 3531 1931 3593 sciet
1985 3530 2195 3593 homo
2242 3549 2381 3591 non
2426 3528 2649 3591 solum

409 3643 575 3705 quae
622 3625 998 3706 cogitanda
1043 3635 1223 3700 sunt,
1263 3625 1384 3688 sed
1433 3626 1643 3688 etiam
1698 3645 1870 3706 quae
1916 3623 2269 3702 facienda3
2340 3623 2653 3704 cogitare

409 3717 610 3784 debet
655 3719 868 3782 homo
914 3728 988 3782 ut
1034 3720 1260 3794 faciat,
1301 3737 1439 3782 non
1485 3729 1719 3784 autem
1767 3719 2079 3799 cogitare
2132 3717 2314 3799 quod
2361 3717 2649 3781 involvit

410 3811 567 3875 nihil
603 3813 874 3892 facere;
919 3823 992 3877 et
1037 3812 1207 3876 haec
1253 3811 1424 3877 fides
1471 3823 1578 3876 est
1625 3814 1935 3893 cogitare
1974 3811 2231 3893 absque
2269 3809 2515 3886 facere,
2555 3813 2648 3875 sic

409 3915 480 3969 ut
515 3907 829 3971 vocanda
868 3909 955 3971 sit
995 3907 1163 3971 fides
1196 3907 1418 3972 solum
1451 3909 1853 3989 cogitativa,
1882 3906 2043 3969 dum
2077 3905 2478 3988 imploratur
2502 3907 2652 3969 sola

409 4001 882 4078 misericordia,
909 4003 1066 4085 quia
1098 4001 1307 4068 Filius
1343 4003 1469 4066 Dei
1506 4023 1747 4084 passus
1777 4011 1885 4064 est
1924 4021 2046 4083 pro
2077 3999 2220 4074 illo,
2254 4010 2326 4063 et
2360 4012 2649 4083 peccata

409 4097 634 4160 mundi
667 4098 1056 4181 assumpsit,
1091 4117 1170 4161 ac
1203 4098 1298 4160 sic
1336 4096 1528 4161 illum
1559 4119 1649 4161 ex
1682 4097 1943 4163 inferno
1974 4095 2263 4160 redemit
2295 4105 2365 4158 et
2401 4095 2647 4160 libera·

407 4190 522 4264 vit,
554 4211 634 4256 ac
673 4191 874 4256 simul
913 4201 1076 4256 tunc
1115 4190 1296 4274 quod
1343 4190 1663 4256 meritum
1705 4191 1857 4254 Filii
1896 4190 2023 4255 Dei
2070 4190 2196 4272 ipsi
2241 4189 2647 4267 addicatur;

408 4287 667 4366 cogitet
703 4287 814 4368 qui
851 4286 1019 4352 velit
1055 4297 1127 4351 et
1167 4289 1404 4369 possit,
1439 4307 1528 4350 an
1567 4286 1819 4369 aliquid
1858 4285 2073 4350 Verbi
2110 4286 2175 4347 in
2220 4283 2341 4348 illo
2380 4285 2491 4359 sit,
2532 4285 2647 4349 ubi

408 4379 612 4442 toties
647 4380 898 4445 dicitur
927 4381 1203 4445 credere
1235 4381 1354 4446 illa
1389 4391 1460 4446 et
1499 4381 1722 4445 facere
1759 4380 1895 4456 illa,
1922 4379 2203 4463 proinde
2238 4399 2397 4442 num
2436 4381 2503 4443 in
2529 4380 2647 4443 illa

413 4470 536 4537 fide
582 4475 672 4538 sit
720 4474 973 4558 aliquid
1020 4476 1354 4540 ecclesiae
1392 4486 1510 4540 aut
1549 4476 1941 4557 religionis;
1988 4495 2147 4538 nam
2194 4476 2261 4538 in
2301 4474 2434 4537 illis
2472 4494 2645 4556 quae

409 4565 615 4634 allata
645 4579 826 4646 sunt,
855 4571 968 4634 ubi
999 4580 1159 4637 sunt
1183 4591 1346 4636 vera
1381 4590 1554 4656 quae
1585 4569 1743 4636 fidei
1772 4579 1993 4647 erunt,
2016 4579 2089 4636 et
2126 4570 2239 4633 ubi
2268 4579 2429 4634 sunt
2462 4569 2646 4634 bona
