3259 5384
601 632 771 717 2284
1143 720 1149 727 ,
1223 642 1725 713 APOCALYPffls
1765 644 2218 701 Exrucutx.

600 815 781 898 apud
818 814 1134 891 eundem,

700 925 913 992 “Jesus.
931 928 1106 987 ,dixit
1131 927 1249 991 Ego
1272 942 1393 978 sum
1414 924 1740 980 resnrreaestio
1763 938 1817 977 et
1839 929 1984 986 vitm
2021 928 2110 991 qui
2131 928 2302 977 credit
2323 927 2380 976 in
2411 925 2522 987 Me,
2547 926 2652 976 etsi
2675 924 2834 976 mori·

744 1047 749 1059 ,
859 1001 991 1051 ntur,
1017 993 1193 1051 vivet:
1228 994 1406 1043 omnis
1430 1008 1559 1045 vero
1582 994 1674 1058 qui
1697 994 1846 1054 vivit,
1870 1002 1926 1043 et
1949 994 2118 1043 credit
2144 993 2200 1042 in
2227 992 2335 1051 Me,
2361 1007 2474 1041 non
2498 992 2760 1043 monetur
2779 990 2834 1043 in

658 1126 663 1131 ι
723 1124 732 1129 “
857 1068 1136 1125 aeternum
1154 1056 1185 1079 '⁹
1207 1058 1297 1120 (xi.
1323 1058 1531 1121 25-27):

602 1148 781 1261 εζιριιᾱ
819 1172 1134 1250 eundem,

700 1284 915 1351 “Jesun.
933 1288 1214 1337 ,clamavit
1245 1296 1301 1337 et
1327 1288 1475 1347 dixit,
1504 1288 1611 1351 Qui
1645 1288 1814 1339 credit
1847 1289 1903 1338 in
1941 1286 2050 1347 Me,
2077 1300 2192 1337 non
2219 1286 2388 1337 credit
2421 1286 2476 1335 in
2513 1283 2624 1343 Me,
2653 1284 2751 1334 sed
2783 1285 2836 1332 in

866 1352 1052 1414 Ipsum
1077 1353 1167 1416 qui
1196 1354 1343 1404 misit
1372 1352 1479 1403 Me.
1536 1390 1549 1403 .
1570 1390 1584 1403 .
1602 1388 1615 1403 .
1635 1352 1778 1416 ‚Ego
1807 1352 1898 1403 lux
1925 1353 1982 1402 in
2011 1353 2272 1402 mundum
2295 1352 2438 1411 veni,
2463 1361 2522 1400 ut
2547 1349 2729 1399 omnis
2753 1349 2838 1411 qui

864 1418 1032 1466 credit
1066 1418 1121 1466 in
1160 1416 1267 1477 Me,
1298 1418 1353 1467 in
1389 1418 1627 1468 tenebris
1663 1433 1774 1468 non
1809 1427 2054 1468 maneat:
2101 1427 2158 1467 et
2191 1418 2238 1466 si
2266 1418 2385 1481 quis
2417 1415 2688 1465 audiverit
2719 1428 2840 1463 mee

865 1483 1045 1541 verba,
1065 1497 1175 1532 non
1202 1493 1385 1532 tamen
1409 1484 1710 1542 crediderit,
1733 1482 1849 1546 Ego
1873 1498 1984 1531 non
2001 1483 2182 1546 judico
2207 1482 2354 1531 ilium
2377 1496 2413 1539 ς.
2434 1518 2447 1530 .
2465 1518 2480 1531 .
2499 1480 2612 1545 ,qui
2636 1479 2840 1543 spernit

864 1546 973 1606 Me,
1007 1556 1063 1596 et
1097 1562 1209 1596 non
1246 1548 1436 1610 accipit
1472 1562 1595 1597 mea
1628 1548 1806 1607 verba,
1841 1546 2004 1597 habet
2039 1546 2130 1610 qui
2163 1548 2364 1610 judicet
2398 1546 2566 1602 illum,
2597 1546 2838 1601 verbum.

862 1613 1005 1677 quod
1030 1613 1236 1663 loeutus
1261 1628 1423 1673 sum..
1442 1650 1457 1663 .
1464 1614 1723 1677 judicabit
1745 1614 1895 1664 illum
1919 1622 2162 1663 extremo
2183 1613 2270 1663 die
2285 1612 2314 1632 ’⁸
2337 1611 2448 1674 (xii.
2470 1610 2684 1672 44-48);

604 1736 786 1818 apud
822 1738 1135 1814 eundem,

700 1850 734 1875 ⁸·
748 1850 1040 1915 Quousque
1064 1850 1234 1901 lucem
1258 1851 1485 1911 habetis,
1506 1851 1706 1901 credite
1729 1852 1785 1901 in
1811 1851 2000 1910 iucem,
2023 1858 2082 1900 ut
2105 1850 2200 1900 iiiii
2223 1850 2356 1899 lucis
2379 1850 2498 1899 sitis
2511 1848 2542 1870 '⁹
2565 1847 2678 1911 (xii.
2701 1848 2814 1911 36);

608 1975 787 2056 apud
822 1976 1140 2051 eundem,

702 2090 732 2112 ‘⁶
748 2086 797 2138 N
800 2104 871 2138 on
896 2090 1137 2139 turbator
1160 2104 1253 2139 cor
1270 2099 1508 2141 vestrum
1528 2103 1541 2149 ;
1569 2090 1768 2141 credite
1792 2090 1848 2139 in
1877 2088 2066 2149 Deum,
2085 2099 2141 2140 et
2163 2090 2362 2139 credite
2385 2090 2441 2139 in
2465 2086 2602 2139 Me”
2617 2086 2748 2151 (xiv.
2768 2086 2843 2151 1):

606 2212 787 2295 apud
825 2213 1140 2290 eundem,

705 2328 733 2350 ‘⁸
747 2327 1046 2392 Quotquot.
1068 2326 1453 2390 .receperunt”
1496 2326 1702 2391 jesum,
1751 2328 1939 2378 “dedit
1985 2327 2088 2377 illis
2135 2334 2458 2389 potestatem
2497 2334 2559 2375 ut
2603 2324 2695 2375 filii
2743 2322 2843 2374 Dei

867 2402 1063 2451 essent,
1088 2393 1428 2442 credentibus
1452 2392 1508 2441 in
1534 2407 1735 2442 nomen
1763 2391 1986 2455 Ipsiuz”
2009 2392 2062 2454 (i.
2091 2393 2198 2455 12):

608 2516 787 2600 apud
824 2494 1135 2593 eundem,

704 2629 906 2681 “Multi
929 2632 1269 2683 crediderunt
1291 2632 1347 2682 in
1372 2646 1573 2682 nomen
1603 2631 1795 2696 Ipsius,
1821 2632 2068 2681 videntes
2091 2631 2250 2694 signa
2275 2630 2455 2695 Ipsius
2473 2630 2501 2653 ’⁹
2525 2630 2600 2693 (ii.
2625 2630 2736 2693 23):

606 2752 784 2837 apud
822 2756 1137 2832 eundem,

704 2870 736 2893 ‘⁸
753 2864 929 2919 Haec.
949 2870 1171 2931 ,πῆραι
1187 2878 1331 2927 sunt,
1352 2879 1413 2919 ut
1430 2870 1659 2920 credatis
1678 2871 1820 2934 quod
1837 2868 1996 2935 Jesus
2019 2870 2089 2920 sit
2107 2868 2355 2919 Christus
2383 2868 2549 2919 Filius
2577 2869 2692 2929 Dei,
2711 2877 2767 2919 et
2787 2877 2846 2919 ut

868 2935 1149 2984 credentes
1170 2936 1337 2984 vitam
1362 2935 1604 2985 habeatis
1628 2936 1684 2985 in
1710 2936 1931 2985 nomine
1957 2936 2134 2999 Ipsius
2149 2935 2178 2955 ”
2196 2936 2304 2998 (xx.
2331 2936 2442 2997 31):

608 3059 788 3143 apud
827 3057 1159 3135 Marcum,

705 3172 864 3239 Jeeus
890 3173 1025 3221 dixit
1048 3172 1339 3235 discipulis,
1360 3175 1390 3197 ‘⁴
1406 3172 1607 3223 Euntes
1635 3173 1690 3222 in
1713 3172 1971 3222 mundum
1997 3172 2325 3232 universum,
2346 3174 2647 3237 praedioete
2673 3172 2848 3223 Evan-

868 3238 1069 3300 gelium
1097 3238 1247 3287 omni
1275 3248 1579 3297 creaturam
1627 3238 1717 3302 qui
1751 3239 2035 3289 crediderit
2060 3249 2117 3288 et
2145 3238 2443 3301 baptizatus
2473 3238 2647 3295 fuerit.
2676 3240 2848 3288 salva·

869 3303 1040 3363 bitur;
1064 3304 1153 3367 qui
1176 3318 1307 3353 vero
1332 3318 1443 3352 non
1468 3302 1763 3363 crediderit,
1788 3302 2275 3355 condemnabitur”
2299 3303 2424 3366 (xvi.
2455 3316 2532 3365 15,
2559 3304 2672 3365 16):

613 3443 681 3504 in
718 3440 824 3504 his
862 3450 934 3505 et
972 3442 1039 3505 in
1076 3440 1226 3505 aliis
1264 3440 1431 3506 locis
1469 3442 1873 3507 describitur
1908 3441 2078 3506 fides
2117 3441 2442 3518 salvifica,
2473 3442 2656 3526 quod
2702 3462 2844 3507 cre-

615 3536 914 3599 dendum
967 3538 1055 3600 sit
1104 3537 1173 3598 in
1222 3536 1613 3611 Dominum,
1667 3545 1739 3600 et
1790 3539 1972 3620 quod
2026 3536 2302 3601 credere
2355 3538 2422 3599 in
2478 3538 2708 3619 Ipsum
2759 3537 2846 3600 sit

612 3630 821 3695 etiam
862 3631 1136 3694 credere
1182 3631 1248 3694 in
1295 3630 1590 3704 Patrem,
1639 3632 1796 3714 quia
1843 3631 2000 3713 Ipse
2045 3641 2118 3695 et
2165 3630 2368 3695 Pater
2415 3651 2621 3694 unum
2668 3640 2844 3694 sunt.

612 3724 737 3787 Per
761 3725 1081 3787 “credere
1106 3726 1172 3801 in
1201 3724 1603 3788 Dominum''
1624 3724 2044 3808 significatur
2069 3746 2206 3790 non
2235 3727 2444 3788 modo
2469 3726 2751 3789 adorare
2773 3735 2846 3789 et

615 3819 841 3883 colere
874 3819 1125 3901 Ipsum,
1158 3820 1282 3882 sed⁴
1313 3822 1523 3884 etiam
1556 3822 1785 3885 vivere
1818 3821 1908 3884 ab
1941 3820 2141 3903 Ipso;
2191 3831 2261 3884 et
2295 3822 2543 3885 vivitur
2573 3821 2662 3883 ab
2693 3821 2848 3903 Ipso

614 3933 768 3977 cum
792 3914 1041 3976 vivitur
1072 3914 1442 3977 secundum
1468 3912 1797 3990 Verbum,
1831 3917 2011 3997 quod
2044 3916 2134 3978 ab
2167 3915 2366 3997 Ipso;
2414 3935 2619 3999 quare
2648 3920 2846 3978 “cre-

616 4005 775 4071 dere
812 4008 879 4069 in
920 4007 1151 4090 Ipsum
1170 4006 1200 4032 ’²
1232 4019 1338 4072 est
1372 4008 1648 4073 credere
1679 4009 1860 4091 quod
1901 4008 2056 4091 Ipse
2087 4019 2448 4090 regeneret
2481 4010 2844 4081 hominem,

614 4110 685 4163 et
722 4101 903 4183 quod
941 4103 1361 4183 regeneratis
1400 4102 1487 4165 ab
1523 4102 1685 4185 Ipso
1729 4104 1851 4167 det
1888 4106 2103 4167 vitam
2149 4114 2525 4167 aeternam.
2618 4102 2847 4167 Simile

615 4195 795 4277 quod
843 4216 963 4277 per
989 4197 1321 4260 “credere
1366 4197 1434 4260 in
1481 4197 1712 4279 Ipsum
1729 4196 1760 4221 ’⁹
1795 4196 2211 4280 significatur
2250 4218 2368 4281 per
2403 4199 2738 4262 “credere
2777 4198 2846 4259 in

617 4308 868 4353 nomen
922 4289 1141 4371 Ipsius
1164 4289 1217 4368 ;”
1281 4291 1640 4355 “nomen”
1685 4294 1867 4355 enim
1923 4292 2199 4357 Domini
2253 4292 2595 4375 significat
2646 4282 2846 4356 omne

614 4383 815 4467 quale
859 4382 1014 4462 fidej
1059 4394 1133 4448 et
1176 4386 1449 4461 amoriS,
1490 4406 1611 4469 per
1646 4387 1830 4469 quod
1877 4387 2034 4470 Ipse
2079 4388 2411 4451 colendus
2453 4399 2585 4462 est,
2625 4397 2696 4451 et
2723 4405 2847 4469 ,per

615 4478 797 4559 quod
842 4477 1052 4541 homo
1088 4478 1177 4541 ab
1215 4479 1375 4563 Ipso
1406 4479 1752 4545 salvatur:
1801 4500 2027 4557 causa,
2062 4482 2243 4565 quod
2280 4482 2348 4545 id
2389 4502 2509 4565 per
2545 4486 2845 4547 “nomen

616 4570 834 4653 Ipsius
852 4571 883 4598 ”
906 4572 1347 4656 significetur,
1374 4584 1481 4638 est
1514 4574 1671 4658 quia
1703 4596 1840 4639 non
1873 4574 2006 4641 alia
2039 4579 2312 4643 nomina
2338 4578 2590 4642 dantur
2609 4596 2842 4662 perso·
