<?xml version="1.0" encoding="UTF-8"?>
<!DOCTYPE html PUBLIC "-//W3C//DTD XHTML 1.0 Transitional//EN"
    "http://www.w3.org/TR/xhtml1/DTD/xhtml1-transitional.dtd">
<html xmlns="http://www.w3.org/1999/xhtml" xml:lang="en" lang="en">
 <head>
  <title>
</title>
<meta http-equiv="Content-Type" content="text/html;charset=utf-8" />
  <meta name='ocr-system' content='tesseract 3.04.00' />
  <meta name='ocr-capabilities' content='ocr_page ocr_carea ocr_par ocr_line ocrx_word'/>
</head>
<body>
  <div class='ocr_page' id='page_1' title='image "./apocalypsisexpl00unkngoog_0460.png"; bbox 0 0 3259 5384; ppageno 0'>
   <div class='ocr_carea' id='block_1_1' title="bbox 611 657 2232 738">
    <p class='ocr_par' dir='ltr' id='par_1_1' title="bbox 611 657 2232 738">
     <span class='ocr_line' id='line_1_1' title="bbox 611 657 2232 738; baseline -0.002 -16"><span class='ocrx_word' id='word_1_1' title='bbox 611 672 650 722; x_wconf 85' lang='lat'><strong>2</strong></span> <span class='ocrx_word' id='word_1_2' title='bbox 658 657 778 738; x_wconf 82' lang='lat'>36²</span> <span class='ocrx_word' id='word_1_3' title='bbox 1228 667 1735 721; x_wconf 77' lang='lat' dir='ltr'>APOCALYPSIS</span> <span class='ocrx_word' id='word_1_4' title='bbox 1778 667 2232 720; x_wconf 74' lang='lat' dir='ltr'><strong>EXPLICATA.</strong></span> 
     </span>
    </p>
   </div>
   <div class='ocr_carea' id='block_1_2' title="bbox 602 835 2845 1292">
    <p class='ocr_par' dir='ltr' id='par_1_2' title="bbox 602 835 2845 1292">
     <span class='ocr_line' id='line_1_2' title="bbox 602 835 2843 921; baseline -0.002 -17"><span class='ocrx_word' id='word_1_5' title='bbox 602 839 894 921; x_wconf 75' lang='lat' dir='ltr'>jehovih</span> <span class='ocrx_word' id='word_1_6' title='bbox 941 841 1006 903; x_wconf 85' lang='lat' dir='ltr'>in</span> <span class='ocrx_word' id='word_1_7' title='bbox 1044 839 1202 904; x_wconf 83' lang='lat' dir='ltr'>sorti</span> <span class='ocrx_word' id='word_1_8' title='bbox 1238 837 1488 914; x_wconf 86' lang='lat' dir='ltr'>venit,’&#39;</span> <span class='ocrx_word' id='word_1_9' title='bbox 1527 837 1863 902; x_wconf 82' lang='lat' dir='ltr'>Dominus</span> <span class='ocrx_word' id='word_1_10' title='bbox 1900 837 2081 901; x_wconf 89' lang='lat' dir='ltr'>enim</span> <span class='ocrx_word' id='word_1_11' title='bbox 2122 857 2215 900; x_wconf 88' lang='lat' dir='ltr'>ex</span> <span class='ocrx_word' id='word_1_12' title='bbox 2254 835 2505 900; x_wconf 81' lang='lat' dir='ltr'>Divino</span> <span class='ocrx_word' id='word_1_13' title='bbox 2540 835 2733 900; x_wconf 85' lang='lat' dir='ltr'>Vero</span> <span class='ocrx_word' id='word_1_14' title='bbox 2774 835 2843 900; x_wconf 89' lang='lat' dir='ltr'>in</span> 
     </span>
     <span class='ocr_line' id='line_1_3' title="bbox 607 930 2843 1012; baseline -0.002 -15"><span class='ocrx_word' id='word_1_15' title='bbox 607 934 843 998; x_wconf 84' lang='lat' dir='ltr'>Verbo</span> <span class='ocrx_word' id='word_1_16' title='bbox 873 944 1158 998; x_wconf 85' lang='lat' dir='ltr'>vocatur</span> <span class='ocrx_word' id='word_1_17' title='bbox 1186 939 1225 966; x_wconf 87' lang='lat'><strong>“</strong></span> <span class='ocrx_word' id='word_1_18' title='bbox 1245 931 1493 1007; x_wconf 75' lang='lat' dir='ltr'>Deu5,”</span> <span class='ocrx_word' id='word_1_19' title='bbox 1517 943 1590 997; x_wconf 89' lang='lat' dir='ltr'>et</span> <span class='ocrx_word' id='word_1_20' title='bbox 1627 953 1721 998; x_wconf 86' lang='lat' dir='ltr'>ex</span> <span class='ocrx_word' id='word_1_21' title='bbox 1753 932 2006 996; x_wconf 89' lang='lat' dir='ltr'>Divino</span> <span class='ocrx_word' id='word_1_22' title='bbox 2038 932 2235 996; x_wconf 89' lang='lat' dir='ltr'>Bono</span> <span class='ocrx_word' id='word_1_23' title='bbox 2264 940 2551 996; x_wconf 86' lang='lat' dir='ltr'>vocatur</span> <span class='ocrx_word' id='word_1_24' title='bbox 2579 930 2843 1012; x_wconf 89' lang='lat' dir='ltr'>“Jeho-</span> 
     </span>
     <span class='ocr_line' id='line_1_4' title="bbox 605 1023 2845 1110; baseline -0.002 -20"><span class='ocrx_word' id='word_1_25' title='bbox 605 1027 800 1101; x_wconf 85' lang='lat' dir='ltr'>vah,”</span> <span class='ocrx_word' id='word_1_26' title='bbox 831 1039 902 1092; x_wconf 91' lang='lat' dir='ltr'>et</span> <span class='ocrx_word' id='word_1_27' title='bbox 935 1049 1201 1110; x_wconf 90' lang='lat' dir='ltr'>quoque</span> <span class='ocrx_word' id='word_1_28' title='bbox 1237 1034 1277 1061; x_wconf 82' lang='lat'>‘⁴</span> <span class='ocrx_word' id='word_1_29' title='bbox 1297 1027 1630 1090; x_wconf 87' lang='lat' dir='ltr'>Dominus</span> <span class='ocrx_word' id='word_1_30' title='bbox 1659 1026 1955 1108; x_wconf 90' lang='lat' dir='ltr'>Jehovih</span> <span class='ocrx_word' id='word_1_31' title='bbox 1979 1025 2033 1104; x_wconf 88' lang='lat'>;”</span> <span class='ocrx_word' id='word_1_32' title='bbox 2073 1027 2199 1089; x_wconf 86' lang='lat' dir='ltr'>“in</span> <span class='ocrx_word' id='word_1_33' title='bbox 2236 1024 2394 1088; x_wconf 87' lang='lat' dir='ltr'>forti</span> <span class='ocrx_word' id='word_1_34' title='bbox 2425 1025 2655 1088; x_wconf 86' lang='lat' dir='ltr'>venire</span> <span class='ocrx_word' id='word_1_35' title='bbox 2672 1023 2706 1048; x_wconf 88' lang='lat'><strong>”</strong></span> <span class='ocrx_word' id='word_1_36' title='bbox 2736 1035 2845 1087; x_wconf 84' lang='lat' dir='ltr'>est</span> 
     </span>
     <span class='ocr_line' id='line_1_5' title="bbox 605 1118 2843 1204; baseline -0.001 -20"><span class='ocrx_word' id='word_1_37' title='bbox 605 1122 692 1185; x_wconf 89' lang='lat' dir='ltr'>ad</span> <span class='ocrx_word' id='word_1_38' title='bbox 723 1120 1104 1185; x_wconf 87' lang='lat' dir='ltr'>faciendum</span> <span class='ocrx_word' id='word_1_39' title='bbox 1130 1121 1474 1204; x_wconf 87' lang='lat' dir='ltr'>judicium,</span> <span class='ocrx_word' id='word_1_40' title='bbox 1502 1123 1601 1186; x_wconf 86' lang='lat' dir='ltr'>ita</span> <span class='ocrx_word' id='word_1_41' title='bbox 1630 1121 1719 1185; x_wconf 91' lang='lat' dir='ltr'>ad</span> <span class='ocrx_word' id='word_1_42' title='bbox 1752 1119 2249 1204; x_wconf 87' lang='lat' dir='ltr'>subjugandum</span> <span class='ocrx_word' id='word_1_43' title='bbox 2274 1119 2552 1184; x_wconf 86' lang='lat' dir='ltr'>inferna.</span> <span class='ocrx_word' id='word_1_44' title='bbox 2633 1118 2843 1200; x_wconf 82' lang='lat' dir='ltr'>Apud</span> 
     </span>
     <span class='ocr_line' id='line_1_6' title="bbox 602 1213 922 1292; baseline 0.009 -16"><span class='ocrx_word' id='word_1_45' title='bbox 602 1213 922 1292; x_wconf 80' lang='lat' dir='ltr'>Micham,</span> 
     </span>
    </p>
   </div>
   <div class='ocr_carea' id='block_1_3' title="bbox 705 1357 2847 2009">
    <p class='ocr_par' dir='ltr' id='par_1_3' title="bbox 705 1357 2847 2009">
     <span class='ocr_line' id='line_1_7' title="bbox 705 1357 2845 1424; baseline 0 -16"><span class='ocrx_word' id='word_1_46' title='bbox 705 1361 734 1382; x_wconf 81' lang='lat'>⁸⁸</span> <span class='ocrx_word' id='word_1_47' title='bbox 751 1357 814 1408; x_wconf 86' lang='lat' dir='ltr'>Iu</span> <span class='ocrx_word' id='word_1_48' title='bbox 842 1359 1178 1409; x_wconf 81' lang='lat' dir='ltr'>extremitate</span> <span class='ocrx_word' id='word_1_49' title='bbox 1207 1361 1414 1410; x_wconf 82' lang='lat' dir='ltr'>dierum</span> <span class='ocrx_word' id='word_1_50' title='bbox 1443 1360 1544 1410; x_wconf 88' lang='lat' dir='ltr'>erit</span> <span class='ocrx_word' id='word_1_51' title='bbox 1571 1374 1733 1409; x_wconf 82' lang='lat' dir='ltr'>mons</span> <span class='ocrx_word' id='word_1_52' title='bbox 1760 1360 1953 1409; x_wconf 84' lang='lat' dir='ltr'>domus</span> <span class='ocrx_word' id='word_1_53' title='bbox 1980 1359 2221 1424; x_wconf 82' lang='lat' dir='ltr'>Jehovae</span> <span class='ocrx_word' id='word_1_54' title='bbox 2249 1359 2573 1408; x_wconf 86' lang='lat' dir='ltr'>constitutus</span> <span class='ocrx_word' id='word_1_55' title='bbox 2602 1357 2657 1406; x_wconf 86' lang='lat' dir='ltr'>in</span> <span class='ocrx_word' id='word_1_56' title='bbox 2685 1367 2845 1420; x_wconf 74' lang='lat' dir='ltr'>eaput</span> 
     </span>
     <span class='ocr_line' id='line_1_8' title="bbox 865 1422 2843 1488; baseline -0.002 -14"><span class='ocrx_word' id='word_1_57' title='bbox 865 1427 1148 1484; x_wconf 84' lang='lat' dir='ltr'>montium,</span> <span class='ocrx_word' id='word_1_58' title='bbox 1171 1437 1226 1474; x_wconf 91' lang='lat' dir='ltr'>et</span> <span class='ocrx_word' id='word_1_59' title='bbox 1252 1425 1424 1474; x_wconf 80' lang='lat' dir='ltr'>elatus</span> <span class='ocrx_word' id='word_1_60' title='bbox 1455 1439 1582 1488; x_wconf 86' lang='lat' dir='ltr'>prae</span> <span class='ocrx_word' id='word_1_61' title='bbox 1609 1426 1854 1484; x_wconf 87' lang='lat' dir='ltr'>collibus,</span> <span class='ocrx_word' id='word_1_62' title='bbox 1877 1433 1933 1474; x_wconf 92' lang='lat' dir='ltr'>et</span> <span class='ocrx_word' id='word_1_63' title='bbox 1960 1423 2233 1473; x_wconf 83' lang='lat' dir='ltr'>confluent</span> <span class='ocrx_word' id='word_1_64' title='bbox 2258 1437 2421 1485; x_wconf 86' lang='lat' dir='ltr'>super</span> <span class='ocrx_word' id='word_1_65' title='bbox 2448 1423 2599 1472; x_wconf 89' lang='lat' dir='ltr'>illum</span> <span class='ocrx_word' id='word_1_66' title='bbox 2630 1422 2843 1485; x_wconf 84' lang='lat' dir='ltr'>populi:</span> 
     </span>
     <span class='ocr_line' id='line_1_9' title="bbox 867 1487 2841 1554; baseline -0.002 -14"><span class='ocrx_word' id='word_1_67' title='bbox 867 1500 921 1540; x_wconf 91' lang='lat' dir='ltr'>et</span> <span class='ocrx_word' id='word_1_68' title='bbox 955 1491 1107 1540; x_wconf 87' lang='lat' dir='ltr'>ibunt</span> <span class='ocrx_word' id='word_1_69' title='bbox 1139 1501 1331 1554; x_wconf 77' lang='lat' dir='ltr'>gentes</span> <span class='ocrx_word' id='word_1_70' title='bbox 1367 1491 1566 1540; x_wconf 75' lang='lat' dir='ltr'>multae</span> <span class='ocrx_word' id='word_1_71' title='bbox 1595 1500 1651 1540; x_wconf 90' lang='lat' dir='ltr'>et</span> <span class='ocrx_word' id='word_1_72' title='bbox 1677 1491 1871 1550; x_wconf 79' lang='lat' dir='ltr'>dicent,</span> <span class='ocrx_word' id='word_1_73' title='bbox 1905 1487 1985 1539; x_wconf 90' lang='lat' dir='ltr'>Ite</span> <span class='ocrx_word' id='word_1_74' title='bbox 2019 1500 2073 1539; x_wconf 93' lang='lat' dir='ltr'>et</span> <span class='ocrx_word' id='word_1_75' title='bbox 2106 1489 2461 1538; x_wconf 77' lang='lat' dir='ltr'>ascendamus</span> <span class='ocrx_word' id='word_1_76' title='bbox 2494 1489 2565 1538; x_wconf 81' lang='lat' dir='ltr'>ad</span> <span class='ocrx_word' id='word_1_77' title='bbox 2600 1497 2841 1538; x_wconf 81' lang='lat' dir='ltr'>montem</span> 
     </span>
     <span class='ocr_line' id='line_1_10' title="bbox 865 1553 2843 1634; baseline -0.002 -30"><span class='ocrx_word' id='word_1_78' title='bbox 865 1553 1126 1634; x_wconf 41' lang='lat' dir='ltr'>Jehovaet</span> <span class='ocrx_word' id='word_1_79' title='bbox 1139 1557 1207 1604; x_wconf 88' lang='lat' dir='ltr'>ad</span> <span class='ocrx_word' id='word_1_80' title='bbox 1226 1556 1446 1632; x_wconf 78' lang='lat' dir='ltr'>domum</span> <span class='ocrx_word' id='word_1_81' title='bbox 1469 1555 1568 1604; x_wconf 89' lang='lat' dir='ltr'>Dei</span> <span class='ocrx_word' id='word_1_82' title='bbox 1587 1553 1790 1632; x_wconf 73' lang='lat' dir='ltr'>Jacobi,</span> <span class='ocrx_word' id='word_1_83' title='bbox 1808 1565 1869 1606; x_wconf 91' lang='lat' dir='ltr'>ut</span> <span class='ocrx_word' id='word_1_84' title='bbox 1887 1556 2077 1634; x_wconf 74' lang='lat' dir='ltr'>doceat</span> <span class='ocrx_word' id='word_1_85' title='bbox 2102 1569 2204 1604; x_wconf 81' lang='lat' dir='ltr'>nos</span> <span class='ocrx_word' id='word_1_86' title='bbox 2223 1555 2289 1604; x_wconf 89' lang='lat' dir='ltr'>de</span> <span class='ocrx_word' id='word_1_87' title='bbox 2307 1553 2409 1603; x_wconf 81' lang='lat' dir='ltr'>viis</span> <span class='ocrx_word' id='word_1_88' title='bbox 2432 1553 2561 1612; x_wconf 84' lang='lat' dir='ltr'>suis.</span> <span class='ocrx_word' id='word_1_89' title='bbox 2580 1563 2635 1602; x_wconf 91' lang='lat' dir='ltr'>et</span> <span class='ocrx_word' id='word_1_90' title='bbox 2656 1567 2843 1601; x_wconf 80' lang='lat' dir='ltr'>eamus</span> 
     </span>
     <span class='ocr_line' id='line_1_11' title="bbox 868 1617 2845 1682; baseline -0.001 -14"><span class='ocrx_word' id='word_1_91' title='bbox 868 1635 923 1668; x_wconf 85' lang='lat' dir='ltr'>m</span> <span class='ocrx_word' id='word_1_92' title='bbox 951 1631 1156 1670; x_wconf 72' lang='lat' dir='ltr'>semitis</span> <span class='ocrx_word' id='word_1_93' title='bbox 1189 1619 1364 1682; x_wconf 78' lang='lat' dir='ltr'>Ipsius</span> <span class='ocrx_word' id='word_1_94' title='bbox 1387 1636 1400 1678; x_wconf 87' lang='lat'>;</span> <span class='ocrx_word' id='word_1_95' title='bbox 1443 1635 1568 1670; x_wconf 85' lang='lat' dir='ltr'>nam</span> <span class='ocrx_word' id='word_1_96' title='bbox 1603 1635 1635 1670; x_wconf 90' lang='lat' dir='ltr'>e</span> <span class='ocrx_word' id='word_1_97' title='bbox 1670 1619 1839 1670; x_wconf 81' lang='lat' dir='ltr'>Ztone</span> <span class='ocrx_word' id='word_1_98' title='bbox 1866 1622 2033 1670; x_wconf 74' lang='lat' dir='ltr'>exibit</span> <span class='ocrx_word' id='word_1_99' title='bbox 2060 1619 2190 1678; x_wconf 73' lang='lat' dir='ltr'>Lex,</span> <span class='ocrx_word' id='word_1_100' title='bbox 2218 1629 2273 1669; x_wconf 90' lang='lat' dir='ltr'>et</span> <span class='ocrx_word' id='word_1_101' title='bbox 2299 1633 2481 1668; x_wconf 88' lang='lat' dir='ltr'>sermo</span> <span class='ocrx_word' id='word_1_102' title='bbox 2508 1617 2750 1682; x_wconf 78' lang='lat' dir='ltr'>jehovae</span> <span class='ocrx_word' id='word_1_103' title='bbox 2776 1632 2845 1666; x_wconf 84' lang='lat' dir='ltr'>ex</span> 
     </span>
     <span class='ocr_line' id='line_1_12' title="bbox 870 1683 2845 1748; baseline -0.002 -13"><span class='ocrx_word' id='word_1_104' title='bbox 870 1683 1285 1748; x_wconf 79' lang='lat' dir='ltr'>Hierosolyma:</span> <span class='ocrx_word' id='word_1_105' title='bbox 1319 1696 1446 1735; x_wconf 87' lang='lat' dir='ltr'>tunc</span> <span class='ocrx_word' id='word_1_106' title='bbox 1469 1685 1727 1747; x_wconf 83' lang='lat' dir='ltr'>judicabit</span> <span class='ocrx_word' id='word_1_107' title='bbox 1752 1685 1892 1735; x_wconf 86' lang='lat' dir='ltr'>inter</span> <span class='ocrx_word' id='word_1_108' title='bbox 1912 1695 2105 1748; x_wconf 77' lang='lat' dir='ltr'>gentes</span> <span class='ocrx_word' id='word_1_109' title='bbox 2129 1684 2343 1746; x_wconf 78' lang='lat' dir='ltr'>multas,</span> <span class='ocrx_word' id='word_1_110' title='bbox 2362 1695 2416 1733; x_wconf 92' lang='lat' dir='ltr'>et</span> <span class='ocrx_word' id='word_1_111' title='bbox 2438 1683 2691 1746; x_wconf 87' lang='lat' dir='ltr'>corripiet</span> <span class='ocrx_word' id='word_1_112' title='bbox 2714 1697 2845 1745; x_wconf 81' lang='lat' dir='ltr'>gen-</span> 
     </span>
     <span class='ocr_line' id='line_1_13' title="bbox 977 1749 2844 1866; baseline -0.001 -2.112"><span class='ocrx_word' id='word_1_113' title='bbox 977 1765 1292 1864; x_wconf 58' lang='lat' dir='ltr'>⁰⁰¹¹3÷f0÷²⁸</span> <span class='ocrx_word' id='word_1_114' title='bbox 1321 1764 1488 1814; x_wconf 52' lang='grc' dir='ltr'>’ψ</span> <span class='ocrx_word' id='word_1_115' title='bbox 1518 1752 1573 1865; x_wconf 65' lang='lat'>¹2</span> <span class='ocrx_word' id='word_1_116' title='bbox 1591 1751 1977 1866; x_wconf 45' lang='lat' dir='ltr'>imaus:</span> <span class='ocrx_word' id='word_1_117' title='bbox 2010 1749 2844 1865; x_wconf 53' lang='lat' dir='ltr'>422··¹³;⁸.;²ffl1-⁶¹²31{:2²..2</span> 
     </span>
     <span class='ocr_line' id='line_1_14' title="bbox 863 1826 2847 1946; baseline -0.001 -17"><span class='ocrx_word' id='word_1_118' title='bbox 863 1826 1066 1940; x_wconf 52' lang='grc' dir='ltr'>ἓξὲξ,</span> <span class='ocrx_word' id='word_1_119' title='bbox 1091 1831 1252 1930; x_wconf 48' lang='lat' dir='ltr'>afdmt?</span> <span class='ocrx_word' id='word_1_120' title='bbox 1269 1830 1539 1930; x_wconf 47' lang='grc' dir='ltr'>ζεῐῖἰυεῗεεξ</span> <span class='ocrx_word' id='word_1_121' title='bbox 1561 1881 1754 1932; x_wconf 87' lang='lat' dir='ltr'>redibit</span> <span class='ocrx_word' id='word_1_122' title='bbox 1782 1853 2007 1946; x_wconf 69' lang='lat' dir='ltr'>regnum</span> <span class='ocrx_word' id='word_1_123' title='bbox 2036 1853 2198 1944; x_wconf 43' lang='lat' dir='ltr'>pri-us,</span> <span class='ocrx_word' id='word_1_124' title='bbox 2224 1829 2619 1944; x_wconf 54' lang='lat' dir='ltr'>reggrffiliae</span> <span class='ocrx_word' id='word_1_125' title='bbox 2650 1877 2847 1928; x_wconf 84' lang='lat' dir='ltr'>Hiero-</span> 
     </span>
     <span class='ocr_line' id='line_1_15' title="bbox 865 1945 1586 2009; baseline 0.003 -15"><span class='ocrx_word' id='word_1_126' title='bbox 865 1946 1107 2009; x_wconf 81' lang='lat' dir='ltr'>solymae</span> <span class='ocrx_word' id='word_1_127' title='bbox 1125 1945 1153 1964; x_wconf 81' lang='lat'>&#39;⁸</span> <span class='ocrx_word' id='word_1_128' title='bbox 1177 1947 1265 2008; x_wconf 83' lang='lat' dir='ltr'>(iv.</span> <span class='ocrx_word' id='word_1_129' title='bbox 1295 1959 1403 2008; x_wconf 83' lang='lat'>1-3‚</span> <span class='ocrx_word' id='word_1_130' title='bbox 1431 1957 1476 2006; x_wconf 87' lang='lat'>7,</span> <span class='ocrx_word' id='word_1_131' title='bbox 1505 1945 1586 2008; x_wconf 82' lang='lat'>8):</span> 
     </span>
    </p>
   </div>
   <div class='ocr_carea' id='block_1_4' title="bbox 599 2087 2845 3437">
    <p class='ocr_par' dir='ltr' id='par_1_4' title="bbox 599 2087 2845 3437">
     <span class='ocr_line' id='line_1_16' title="bbox 605 2087 2845 2171; baseline 0 -21"><span class='ocrx_word' id='word_1_132' title='bbox 605 2087 786 2170; x_wconf 88' lang='lat' dir='ltr'>quod</span> <span class='ocrx_word' id='word_1_133' title='bbox 815 2087 1156 2152; x_wconf 84' lang='lat' dir='ltr'>adventus</span> <span class='ocrx_word' id='word_1_134' title='bbox 1190 2088 1468 2153; x_wconf 86' lang='lat' dir='ltr'>Domini</span> <span class='ocrx_word' id='word_1_135' title='bbox 1499 2109 1577 2153; x_wconf 87' lang='lat' dir='ltr'>ac</span> <span class='ocrx_word' id='word_1_136' title='bbox 1612 2089 1807 2170; x_wconf 87' lang='lat' dir='ltr'>regni</span> <span class='ocrx_word' id='word_1_137' title='bbox 1840 2087 2061 2171; x_wconf 84' lang='lat' dir='ltr'>Ipsius</span> <span class='ocrx_word' id='word_1_138' title='bbox 2092 2089 2158 2151; x_wconf 90' lang='lat' dir='ltr'>in</span> <span class='ocrx_word' id='word_1_139' title='bbox 2190 2087 2401 2154; x_wconf 86' lang='lat' dir='ltr'>caelis</span> <span class='ocrx_word' id='word_1_140' title='bbox 2432 2097 2505 2152; x_wconf 88' lang='lat' dir='ltr'>et</span> <span class='ocrx_word' id='word_1_141' title='bbox 2542 2088 2610 2151; x_wconf 87' lang='lat' dir='ltr'>in</span> <span class='ocrx_word' id='word_1_142' title='bbox 2642 2088 2845 2152; x_wconf 86' lang='lat' dir='ltr'>terris</span> 
     </span>
     <span class='ocr_line' id='line_1_17' title="bbox 603 2180 2844 2265; baseline 0 -21"><span class='ocrx_word' id='word_1_143' title='bbox 603 2180 713 2246; x_wconf 90' lang='lat' dir='ltr'>hic</span> <span class='ocrx_word' id='word_1_144' title='bbox 747 2182 1190 2255; x_wconf 85' lang='lat' dir='ltr'>describatur,</span> <span class='ocrx_word' id='word_1_145' title='bbox 1225 2184 1505 2265; x_wconf 86' lang='lat' dir='ltr'>quisque</span> <span class='ocrx_word' id='word_1_146' title='bbox 1537 2183 1727 2246; x_wconf 87' lang='lat' dir='ltr'>videt</span> <span class='ocrx_word' id='word_1_147' title='bbox 1757 2203 1773 2260; x_wconf 92' lang='lat'>;</span> <span class='ocrx_word' id='word_1_148' title='bbox 1819 2203 2027 2265; x_wconf 87' lang='lat' dir='ltr'>quare</span> <span class='ocrx_word' id='word_1_149' title='bbox 2062 2201 2348 2264; x_wconf 87' lang='lat' dir='ltr'>regnum</span> <span class='ocrx_word' id='word_1_150' title='bbox 2384 2182 2623 2264; x_wconf 82' lang='lat' dir='ltr'>Ipsius,</span> <span class='ocrx_word' id='word_1_151' title='bbox 2656 2181 2844 2264; x_wconf 92' lang='lat' dir='ltr'>quod</span> 
     </span>
     <span class='ocr_line' id='line_1_18' title="bbox 605 2275 2845 2358; baseline -0 -19"><span class='ocrx_word' id='word_1_152' title='bbox 605 2284 714 2339; x_wconf 90' lang='lat' dir='ltr'>est</span> <span class='ocrx_word' id='word_1_153' title='bbox 761 2275 1025 2340; x_wconf 86' lang='lat' dir='ltr'>caelum</span> <span class='ocrx_word' id='word_1_154' title='bbox 1077 2286 1151 2340; x_wconf 88' lang='lat' dir='ltr'>et</span> <span class='ocrx_word' id='word_1_155' title='bbox 1205 2276 1516 2352; x_wconf 84' lang='lat' dir='ltr'>ecclesia,</span> <span class='ocrx_word' id='word_1_156' title='bbox 1563 2275 1972 2358; x_wconf 86' lang='lat' dir='ltr'>intelligitur</span> <span class='ocrx_word' id='word_1_157' title='bbox 2018 2297 2137 2358; x_wconf 88' lang='lat' dir='ltr'>per</span> <span class='ocrx_word' id='word_1_158' title='bbox 2186 2281 2555 2340; x_wconf 87' lang='lat' dir='ltr'>“montem</span> <span class='ocrx_word' id='word_1_159' title='bbox 2598 2277 2845 2340; x_wconf 87' lang='lat' dir='ltr'>domus</span> 
     </span>
     <span class='ocr_line' id='line_1_19' title="bbox 600 2368 2843 2452; baseline 0 -20"><span class='ocrx_word' id='word_1_160' title='bbox 600 2368 964 2450; x_wconf 84' lang='lat' dir='ltr'>Jehovae,&#39;’</span> <span class='ocrx_word' id='word_1_161' title='bbox 1001 2371 1113 2452; x_wconf 88' lang='lat' dir='ltr'>qui</span> <span class='ocrx_word' id='word_1_162' title='bbox 1159 2381 1322 2435; x_wconf 88' lang='lat' dir='ltr'>tunc</span> <span class='ocrx_word' id='word_1_163' title='bbox 1357 2372 1779 2435; x_wconf 81' lang='lat' dir='ltr'>constitutus</span> <span class='ocrx_word' id='word_1_164' title='bbox 1812 2371 1941 2434; x_wconf 84' lang='lat' dir='ltr'>erit</span> <span class='ocrx_word' id='word_1_165' title='bbox 1987 2371 2055 2433; x_wconf 87' lang='lat' dir='ltr'>in</span> <span class='ocrx_word' id='word_1_166' title='bbox 2095 2380 2301 2452; x_wconf 87' lang='lat' dir='ltr'>caput</span> <span class='ocrx_word' id='word_1_167' title='bbox 2338 2371 2715 2447; x_wconf 80' lang='lat' dir='ltr'>montium3</span> <span class='ocrx_word' id='word_1_168' title='bbox 2768 2379 2843 2434; x_wconf 91' lang='lat' dir='ltr'>et</span> 
     </span>
     <span class='ocr_line' id='line_1_20' title="bbox 603 2462 2841 2546; baseline 0.001 -20"><span class='ocrx_word' id='word_1_169' title='bbox 603 2464 761 2545; x_wconf 86' lang='lat' dir='ltr'>quia</span> <span class='ocrx_word' id='word_1_170' title='bbox 796 2483 916 2546; x_wconf 87' lang='lat' dir='ltr'>per</span> <span class='ocrx_word' id='word_1_171' title='bbox 957 2463 1350 2528; x_wconf 89' lang='lat' dir='ltr'>“Zionem”</span> <span class='ocrx_word' id='word_1_172' title='bbox 1385 2463 1795 2546; x_wconf 86' lang='lat' dir='ltr'>intelligitur</span> <span class='ocrx_word' id='word_1_173' title='bbox 1833 2464 2097 2528; x_wconf 88' lang='lat' dir='ltr'>caelum</span> <span class='ocrx_word' id='word_1_174' title='bbox 2136 2475 2209 2528; x_wconf 89' lang='lat' dir='ltr'>et</span> <span class='ocrx_word' id='word_1_175' title='bbox 2246 2462 2543 2528; x_wconf 86' lang='lat' dir='ltr'>ecclesia</span> <span class='ocrx_word' id='word_1_176' title='bbox 2580 2465 2649 2528; x_wconf 89' lang='lat' dir='ltr'>in</span> <span class='ocrx_word' id='word_1_177' title='bbox 2694 2465 2841 2546; x_wconf 89' lang='lat' dir='ltr'>qui·</span> 
     </span>
     <span class='ocr_line' id='line_1_21' title="bbox 604 2558 2839 2641; baseline 0.001 -21"><span class='ocrx_word' id='word_1_178' title='bbox 604 2558 728 2620; x_wconf 86' lang='lat' dir='ltr'>bus</span> <span class='ocrx_word' id='word_1_179' title='bbox 774 2569 1177 2639; x_wconf 85' lang='lat' dir='ltr'>regnaturus</span> <span class='ocrx_word' id='word_1_180' title='bbox 1233 2568 1340 2623; x_wconf 88' lang='lat' dir='ltr'>est</span> <span class='ocrx_word' id='word_1_181' title='bbox 1395 2559 1733 2623; x_wconf 88' lang='lat' dir='ltr'>Dominus</span> <span class='ocrx_word' id='word_1_182' title='bbox 1785 2578 1905 2641; x_wconf 87' lang='lat' dir='ltr'>per</span> <span class='ocrx_word' id='word_1_183' title='bbox 1952 2559 2271 2623; x_wconf 87' lang='lat' dir='ltr'>Divinum</span> <span class='ocrx_word' id='word_1_184' title='bbox 2316 2578 2511 2622; x_wconf 84' lang='lat' dir='ltr'>suum</span> <span class='ocrx_word' id='word_1_185' title='bbox 2558 2558 2839 2632; x_wconf 86' lang='lat' dir='ltr'>Verum,</span> 
     </span>
     <span class='ocr_line' id='line_1_22' title="bbox 602 2651 2842 2735; baseline 0 -22"><span class='ocrx_word' id='word_1_186' title='bbox 602 2671 682 2714; x_wconf 86' lang='lat' dir='ltr'>ac</span> <span class='ocrx_word' id='word_1_187' title='bbox 745 2671 865 2734; x_wconf 89' lang='lat' dir='ltr'>per</span> <span class='ocrx_word' id='word_1_188' title='bbox 921 2651 1535 2734; x_wconf 87' lang='lat' dir='ltr'>“Hierosolymam</span> <span class='ocrx_word' id='word_1_189' title='bbox 1553 2653 1584 2679; x_wconf 88' lang='lat'><strong>”</strong></span> <span class='ocrx_word' id='word_1_190' title='bbox 1638 2653 2045 2735; x_wconf 84' lang='lat' dir='ltr'>intelligitur</span> <span class='ocrx_word' id='word_1_191' title='bbox 2094 2653 2365 2718; x_wconf 86' lang='lat' dir='ltr'>caelum</span> <span class='ocrx_word' id='word_1_192' title='bbox 2416 2664 2489 2717; x_wconf 87' lang='lat' dir='ltr'>et</span> <span class='ocrx_word' id='word_1_193' title='bbox 2548 2652 2842 2716; x_wconf 83' lang='lat' dir='ltr'>ecclesia</span> 
     </span>
     <span class='ocr_line' id='line_1_23' title="bbox 601 2744 2839 2828; baseline 0.001 -20"><span class='ocrx_word' id='word_1_194' title='bbox 601 2747 828 2828; x_wconf 88' lang='lat' dir='ltr'>quoad</span> <span class='ocrx_word' id='word_1_195' title='bbox 871 2744 1253 2811; x_wconf 63' lang='lat' dir='ltr'>doctrinam</span> <span class='ocrx_word' id='word_1_196' title='bbox 1307 2769 1398 2812; x_wconf 85' lang='lat' dir='ltr'>ex</span> <span class='ocrx_word' id='word_1_197' title='bbox 1454 2747 1706 2811; x_wconf 86' lang='lat' dir='ltr'>Divino</span> <span class='ocrx_word' id='word_1_198' title='bbox 1759 2746 1879 2811; x_wconf 94' lang='lat' dir='ltr'>illo</span> <span class='ocrx_word' id='word_1_199' title='bbox 1936 2747 2145 2823; x_wconf 83' lang='lat' dir='ltr'>Vero,</span> <span class='ocrx_word' id='word_1_200' title='bbox 2192 2748 2351 2812; x_wconf 87' lang='lat' dir='ltr'>ideo</span> <span class='ocrx_word' id='word_1_201' title='bbox 2394 2747 2663 2821; x_wconf 83' lang='lat' dir='ltr'>dicitur,</span> <span class='ocrx_word' id='word_1_202' title='bbox 2717 2746 2839 2810; x_wconf 86' lang='lat' dir='ltr'>“E</span> 
     </span>
     <span class='ocr_line' id='line_1_24' title="bbox 603 2839 2839 2923; baseline -0 -19"><span class='ocrx_word' id='word_1_203' title='bbox 603 2839 816 2904; x_wconf 87' lang='lat' dir='ltr'>Zione</span> <span class='ocrx_word' id='word_1_204' title='bbox 870 2842 1087 2905; x_wconf 85' lang='lat' dir='ltr'>exibit</span> <span class='ocrx_word' id='word_1_205' title='bbox 1143 2841 1319 2918; x_wconf 82' lang='lat' dir='ltr'>Lex,</span> <span class='ocrx_word' id='word_1_206' title='bbox 1365 2851 1438 2906; x_wconf 90' lang='lat' dir='ltr'>et</span> <span class='ocrx_word' id='word_1_207' title='bbox 1490 2861 1718 2906; x_wconf 88' lang='lat' dir='ltr'>sermo</span> <span class='ocrx_word' id='word_1_208' title='bbox 1768 2841 2074 2923; x_wconf 85' lang='lat' dir='ltr'>Jehovae</span> <span class='ocrx_word' id='word_1_209' title='bbox 2126 2863 2217 2906; x_wconf 85' lang='lat' dir='ltr'>ex</span> <span class='ocrx_word' id='word_1_210' title='bbox 2274 2841 2758 2923; x_wconf 84' lang='lat' dir='ltr'>Hierosolyma</span> <span class='ocrx_word' id='word_1_211' title='bbox 2785 2841 2839 2903; x_wconf 84' lang='lat'>:”</span> 
     </span>
     <span class='ocr_line' id='line_1_25' title="bbox 599 2931 2840 3019; baseline 0 -21"><span class='ocrx_word' id='word_1_212' title='bbox 599 2931 958 2998; x_wconf 63' lang='lat' dir='ltr'>instructio</span> <span class='ocrx_word' id='word_1_213' title='bbox 995 2937 1296 2999; x_wconf 88' lang='lat' dir='ltr'>omnium</span> <span class='ocrx_word' id='word_1_214' title='bbox 1340 2957 1430 3000; x_wconf 85' lang='lat' dir='ltr'>ex</span> <span class='ocrx_word' id='word_1_215' title='bbox 1478 2936 1801 3011; x_wconf 79' lang='lat' dir='ltr'>Domine,</span> <span class='ocrx_word' id='word_1_216' title='bbox 1842 2936 2249 3000; x_wconf 87' lang='lat' dir='ltr'>describitur</span> <span class='ocrx_word' id='word_1_217' title='bbox 2284 2937 2353 3000; x_wconf 89' lang='lat' dir='ltr'>in</span> <span class='ocrx_word' id='word_1_218' title='bbox 2399 2936 2840 3019; x_wconf 84' lang='lat' dir='ltr'>sequentibus</span> 
     </span>
     <span class='ocr_line' id='line_1_26' title="bbox 599 3027 1357 3112; baseline 0.003 -20"><span class='ocrx_word' id='word_1_219' title='bbox 599 3029 711 3092; x_wconf 87' lang='lat' dir='ltr'>ibi.</span> <span class='ocrx_word' id='word_1_220' title='bbox 802 3029 1013 3112; x_wconf 88' lang='lat' dir='ltr'>Apud</span> <span class='ocrx_word' id='word_1_221' title='bbox 1051 3027 1357 3105; x_wconf 82' lang='lat' dir='ltr'>Esaiam,</span> 
     </span>
     <span class='ocr_line' id='line_1_27' title="bbox 700 3171 2837 3240; baseline 0 -18"><span class='ocrx_word' id='word_1_222' title='bbox 700 3173 731 3196; x_wconf 84' lang='lat'>‘⁸</span> <span class='ocrx_word' id='word_1_223' title='bbox 745 3171 1000 3228; x_wconf 84' lang='lat' dir='ltr'>Exclama</span> <span class='ocrx_word' id='word_1_224' title='bbox 1017 3184 1071 3222; x_wconf 89' lang='lat' dir='ltr'>et</span> <span class='ocrx_word' id='word_1_225' title='bbox 1093 3173 1276 3236; x_wconf 84' lang='lat' dir='ltr'>jubila,</span> <span class='ocrx_word' id='word_1_226' title='bbox 1295 3173 1586 3224; x_wconf 77' lang='lat' dir='ltr'>habitatrix</span> <span class='ocrx_word' id='word_1_227' title='bbox 1603 3173 1805 3234; x_wconf 81' lang='lat' dir='ltr'>Zionis‚</span> <span class='ocrx_word' id='word_1_228' title='bbox 1824 3174 1949 3240; x_wconf 82' lang='lat' dir='ltr'>qula</span> <span class='ocrx_word' id='word_1_229' title='bbox 1972 3189 2201 3238; x_wconf 82' lang='lat' dir='ltr'>magnus</span> <span class='ocrx_word' id='word_1_230' title='bbox 2227 3173 2281 3224; x_wconf 85' lang='lat' dir='ltr'>in</span> <span class='ocrx_word' id='word_1_231' title='bbox 2306 3173 2485 3224; x_wconf 82' lang='lat' dir='ltr'>medio</span> <span class='ocrx_word' id='word_1_232' title='bbox 2508 3174 2585 3225; x_wconf 90' lang='lat' dir='ltr'>tui</span> <span class='ocrx_word' id='word_1_233' title='bbox 2610 3171 2837 3223; x_wconf 59' lang='lat' dir='ltr'>Sanctis</span> 
     </span>
     <span class='ocr_line' id='line_1_28' title="bbox 864 3237 1370 3300; baseline 0.002 -13"><span class='ocrx_word' id='word_1_234' title='bbox 864 3237 1080 3288; x_wconf 74' lang='lat' dir='ltr'>Israelis</span> <span class='ocrx_word' id='word_1_235' title='bbox 1099 3237 1128 3257; x_wconf 89' lang='lat'>&#39;&#39;</span> <span class='ocrx_word' id='word_1_236' title='bbox 1151 3239 1260 3300; x_wconf 83' lang='lat' dir='ltr'>(xii.</span> <span class='ocrx_word' id='word_1_237' title='bbox 1287 3239 1370 3300; x_wconf 84' lang='lat'>6);</span> 
     </span>
     <span class='ocr_line' id='line_1_29' title="bbox 600 3353 1132 3437; baseline 0 -21"><span class='ocrx_word' id='word_1_238' title='bbox 600 3353 777 3437; x_wconf 90' lang='lat' dir='ltr'>apud</span> <span class='ocrx_word' id='word_1_239' title='bbox 815 3353 1132 3428; x_wconf 86' lang='lat' dir='ltr'>eundem,</span> 
     </span>
    </p>
   </div>
   <div class='ocr_carea' id='block_1_5' title="bbox 699 3465 2837 3596">
    <p class='ocr_par' dir='ltr' id='par_1_5' title="bbox 699 3465 2837 3596">
     <span class='ocr_line' id='line_1_30' title="bbox 699 3465 2837 3531; baseline 0 -15"><span class='ocrx_word' id='word_1_240' title='bbox 699 3469 728 3491; x_wconf 83' lang='lat'>‘⁸</span> <span class='ocrx_word' id='word_1_241' title='bbox 746 3465 1032 3530; x_wconf 87' lang='lat' dir='ltr'>Redempti</span> <span class='ocrx_word' id='word_1_242' title='bbox 1049 3465 1288 3531; x_wconf 82' lang='lat' dir='ltr'>Jehovae</span> <span class='ocrx_word' id='word_1_243' title='bbox 1308 3477 1666 3519; x_wconf 82' lang='lat' dir='ltr'>revertentur.</span> <span class='ocrx_word' id='word_1_244' title='bbox 1686 3505 1699 3518; x_wconf 95' lang='lat'>.</span> <span class='ocrx_word' id='word_1_245' title='bbox 1720 3467 1967 3518; x_wconf 81' lang='lat' dir='ltr'>,Zionem</span> <span class='ocrx_word' id='word_1_246' title='bbox 1986 3483 2108 3518; x_wconf 88' lang='lat' dir='ltr'>cum</span> <span class='ocrx_word' id='word_1_247' title='bbox 2128 3475 2309 3528; x_wconf 73' lang='lat' dir='ltr'>canni.</span> <span class='ocrx_word' id='word_1_248' title='bbox 2322 3476 2381 3518; x_wconf 92' lang='lat' dir='ltr'>et</span> <span class='ocrx_word' id='word_1_249' title='bbox 2394 3467 2649 3531; x_wconf 76' lang='lat' dir='ltr'>gaudium</span> <span class='ocrx_word' id='word_1_250' title='bbox 2668 3477 2837 3518; x_wconf 79' lang='lat' dir='ltr'>aeter-</span> 
     </span>
     <span class='ocr_line' id='line_1_31' title="bbox 861 3532 2024 3596; baseline 0.002 -15"><span class='ocrx_word' id='word_1_251' title='bbox 861 3532 1042 3582; x_wconf 82' lang='lat' dir='ltr'>nitatis</span> <span class='ocrx_word' id='word_1_252' title='bbox 1066 3547 1228 3595; x_wconf 79' lang='lat' dir='ltr'>super</span> <span class='ocrx_word' id='word_1_253' title='bbox 1250 3534 1424 3596; x_wconf 87' lang='lat' dir='ltr'>capite</span> <span class='ocrx_word' id='word_1_254' title='bbox 1447 3547 1635 3584; x_wconf 84' lang='lat' dir='ltr'>eorum</span> <span class='ocrx_word' id='word_1_255' title='bbox 1649 3533 1678 3554; x_wconf 90' lang='lat'><strong>”</strong></span> <span class='ocrx_word' id='word_1_256' title='bbox 1702 3535 1881 3596; x_wconf 78' lang='lat' dir='ltr'>(xxxv,</span> <span class='ocrx_word' id='word_1_257' title='bbox 1910 3533 2024 3596; x_wconf 88' lang='lat'>10);</span> 
     </span>
    </p>
   </div>
   <div class='ocr_carea' id='block_1_6' title="bbox 598 3653 1252 3737">
    <p class='ocr_par' dir='ltr' id='par_1_6' title="bbox 598 3653 1252 3737">
     <span class='ocr_line' id='line_1_32' title="bbox 598 3653 1252 3737; baseline 0.006 -22"><span class='ocrx_word' id='word_1_258' title='bbox 598 3653 780 3737; x_wconf 87' lang='lat' dir='ltr'>apud</span> <span class='ocrx_word' id='word_1_259' title='bbox 817 3653 1252 3736; x_wconf 78' lang='lat' dir='ltr'>Zepham&#39;am,</span> 
     </span>
    </p>
   </div>
   <div class='ocr_carea' id='block_1_7' title="bbox 699 3765 2834 3965">
    <p class='ocr_par' dir='ltr' id='par_1_7' title="bbox 699 3765 2834 3965">
     <span class='ocr_line' id='line_1_33' title="bbox 699 3765 2834 3832; baseline 0.002 -17"><span class='ocrx_word' id='word_1_260' title='bbox 699 3765 938 3832; x_wconf 81' lang='lat' dir='ltr'>“Jubila,</span> <span class='ocrx_word' id='word_1_261' title='bbox 969 3768 1077 3817; x_wconf 80' lang='lat' dir='ltr'>filia</span> <span class='ocrx_word' id='word_1_262' title='bbox 1110 3768 1326 3826; x_wconf 69' lang='lat' dir='ltr'>Zionisz</span> <span class='ocrx_word' id='word_1_263' title='bbox 1365 3769 1572 3832; x_wconf 78' lang='lat' dir='ltr'>clange,</span> <span class='ocrx_word' id='word_1_264' title='bbox 1605 3769 1807 3828; x_wconf 81' lang='lat' dir='ltr'>Israel:</span> <span class='ocrx_word' id='word_1_265' title='bbox 1850 3770 2053 3822; x_wconf 83' lang='lat' dir='ltr'>laetare</span> <span class='ocrx_word' id='word_1_266' title='bbox 2078 3781 2134 3822; x_wconf 91' lang='lat' dir='ltr'>et</span> <span class='ocrx_word' id='word_1_267' title='bbox 2160 3771 2344 3822; x_wconf 82' lang='lat' dir='ltr'>exulta</span> <span class='ocrx_word' id='word_1_268' title='bbox 2374 3785 2447 3822; x_wconf 81' lang='lat' dir='ltr'>ex</span> <span class='ocrx_word' id='word_1_269' title='bbox 2478 3771 2628 3821; x_wconf 85' lang='lat' dir='ltr'>omni</span> <span class='ocrx_word' id='word_1_270' title='bbox 2660 3772 2834 3828; x_wconf 85' lang='lat' dir='ltr'>corde.</span> 
     </span>
     <span class='ocr_line' id='line_1_34' title="bbox 861 3831 2833 3920; baseline 0.003 -39"><span class='ocrx_word' id='word_1_271' title='bbox 861 3831 971 3881; x_wconf 81' lang='lat' dir='ltr'>filia</span> <span class='ocrx_word' id='word_1_272' title='bbox 1009 3832 1453 3912; x_wconf 55' lang='lat' dir='ltr'>Hierosolymam</span> <span class='ocrx_word' id='word_1_273' title='bbox 1495 3837 1726 3914; x_wconf 70' lang='lat' dir='ltr'>removit</span> <span class='ocrx_word' id='word_1_274' title='bbox 1752 3835 1997 3920; x_wconf 65' lang='lat' dir='ltr'>Jehovah</span> <span class='ocrx_word' id='word_1_275' title='bbox 2030 3836 2233 3899; x_wconf 83' lang='lat' dir='ltr'>judicia</span> <span class='ocrx_word' id='word_1_276' title='bbox 2264 3845 2371 3896; x_wconf 83' lang='lat' dir='ltr'>tua,</span> <span class='ocrx_word' id='word_1_277' title='bbox 2400 3837 2595 3888; x_wconf 80' lang='lat' dir='ltr'>evertit</span> <span class='ocrx_word' id='word_1_278' title='bbox 2626 3837 2833 3886; x_wconf 82' lang='lat' dir='ltr'>hostem</span> 
     </span>
     <span class='ocr_line' id='line_1_35' title="bbox 861 3897 2129 3965; baseline 0.004 -19"><span class='ocrx_word' id='word_1_279' title='bbox 861 3907 1050 3956; x_wconf 83' lang='lat' dir='ltr'>tuum..</span> <span class='ocrx_word' id='word_1_280' title='bbox 1071 3897 1338 3963; x_wconf 80' lang='lat' dir='ltr'>,Jehovah</span> <span class='ocrx_word' id='word_1_281' title='bbox 1362 3914 1416 3948; x_wconf 86' lang='lat' dir='ltr'>m</span> <span class='ocrx_word' id='word_1_282' title='bbox 1444 3901 1622 3949; x_wconf 75' lang='lat' dir='ltr'>medio</span> <span class='ocrx_word' id='word_1_283' title='bbox 1647 3900 1751 3951; x_wconf 75' lang='lat' dir='ltr'>tui&#39;</span> <span class='ocrx_word' id='word_1_284' title='bbox 1792 3901 1884 3962; x_wconf 83' lang='lat' dir='ltr'>(ul.</span> <span class='ocrx_word' id='word_1_285' title='bbox 1913 3915 1988 3962; x_wconf 83' lang='lat'>14.</span> <span class='ocrx_word' id='word_1_286' title='bbox 2017 3903 2129 3965; x_wconf 86' lang='lat'>15);</span> 
     </span>
    </p>
   </div>
   <div class='ocr_carea' id='block_1_8' title="bbox 599 4019 1243 4105">
    <p class='ocr_par' dir='ltr' id='par_1_8' title="bbox 599 4019 1243 4105">
     <span class='ocr_line' id='line_1_36' title="bbox 599 4019 1243 4105; baseline 0 -19"><span class='ocrx_word' id='word_1_287' title='bbox 599 4021 780 4105; x_wconf 86' lang='lat' dir='ltr'>apud</span> <span class='ocrx_word' id='word_1_288' title='bbox 821 4019 1243 4097; x_wconf 58' lang='lat' dir='ltr'>Samariam,</span> 
     </span>
    </p>
   </div>
   <div class='ocr_carea' id='block_1_9' title="bbox 699 4133 2832 4334">
    <p class='ocr_par' dir='ltr' id='par_1_9' title="bbox 699 4133 2832 4334">
     <span class='ocr_line' id='line_1_37' title="bbox 699 4133 2832 4203; baseline 0.002 -19"><span class='ocrx_word' id='word_1_289' title='bbox 699 4133 922 4200; x_wconf 85' lang='lat' dir='ltr'>“Jubila</span> <span class='ocrx_word' id='word_1_290' title='bbox 941 4145 998 4186; x_wconf 89' lang='lat' dir='ltr'>et</span> <span class='ocrx_word' id='word_1_291' title='bbox 1019 4135 1235 4194; x_wconf 85' lang='lat' dir='ltr'>laetare,</span> <span class='ocrx_word' id='word_1_292' title='bbox 1261 4137 1373 4186; x_wconf 81' lang='lat' dir='ltr'>filia</span> <span class='ocrx_word' id='word_1_293' title='bbox 1395 4135 1612 4196; x_wconf 83' lang='lat' dir='ltr'>Zionis:</span> <span class='ocrx_word' id='word_1_294' title='bbox 1648 4153 1795 4190; x_wconf 86' lang='lat' dir='ltr'>ecce.</span> <span class='ocrx_word' id='word_1_295' title='bbox 1814 4176 1827 4190; x_wconf 91' lang='lat'>.</span> <span class='ocrx_word' id='word_1_296' title='bbox 1842 4139 1957 4203; x_wconf 77' lang='lat' dir='ltr'>Ego</span> <span class='ocrx_word' id='word_1_297' title='bbox 1982 4141 2207 4192; x_wconf 75' lang='lat' dir='ltr'>veniens</span> <span class='ocrx_word' id='word_1_298' title='bbox 2231 4150 2290 4191; x_wconf 91' lang='lat' dir='ltr'>ut</span> <span class='ocrx_word' id='word_1_299' title='bbox 2312 4142 2547 4192; x_wconf 81' lang='lat' dir='ltr'>habitem</span> <span class='ocrx_word' id='word_1_300' title='bbox 2572 4143 2628 4194; x_wconf 88' lang='lat' dir='ltr'>in</span> <span class='ocrx_word' id='word_1_301' title='bbox 2656 4141 2832 4190; x_wconf 82' lang='lat' dir='ltr'>medio</span> 
     </span>
     <span class='ocr_line' id='line_1_38' title="bbox 861 4203 2832 4270; baseline 0.005 -21"><span class='ocrx_word' id='word_1_302' title='bbox 861 4203 962 4251; x_wconf 87' lang='lat' dir='ltr'>tui.</span> <span class='ocrx_word' id='word_1_303' title='bbox 982 4238 995 4251; x_wconf 92' lang='lat'>.</span> <span class='ocrx_word' id='word_1_304' title='bbox 1015 4238 1027 4250; x_wconf 91' lang='lat'><em>.</em></span> <span class='ocrx_word' id='word_1_305' title='bbox 1040 4238 1053 4259; x_wconf 83' lang='lat'>,</span> <span class='ocrx_word' id='word_1_306' title='bbox 1066 4211 1120 4250; x_wconf 89' lang='lat' dir='ltr'>et</span> <span class='ocrx_word' id='word_1_307' title='bbox 1134 4203 1498 4252; x_wconf 77' lang='lat' dir='ltr'>adhaerebunt</span> <span class='ocrx_word' id='word_1_308' title='bbox 1513 4213 1704 4266; x_wconf 80' lang='lat' dir='ltr'>gentes</span> <span class='ocrx_word' id='word_1_309' title='bbox 1720 4207 1919 4256; x_wconf 85' lang='lat' dir='ltr'>multae</span> <span class='ocrx_word' id='word_1_310' title='bbox 1932 4205 2171 4270; x_wconf 85' lang='lat' dir='ltr'>Jehovae</span> <span class='ocrx_word' id='word_1_311' title='bbox 2188 4207 2241 4256; x_wconf 86' lang='lat' dir='ltr'>in</span> <span class='ocrx_word' id='word_1_312' title='bbox 2255 4207 2343 4256; x_wconf 92' lang='lat' dir='ltr'>die</span> <span class='ocrx_word' id='word_1_313' title='bbox 2359 4207 2451 4257; x_wconf 90' lang='lat' dir='ltr'>illo</span> <span class='ocrx_word' id='word_1_314' title='bbox 2468 4221 2508 4268; x_wconf 70' lang='grc' dir='ltr'>ς.</span> <span class='ocrx_word' id='word_1_315' title='bbox 2524 4245 2539 4260; x_wconf 92' lang='grc'><strong>.</strong></span> <span class='ocrx_word' id='word_1_316' title='bbox 2557 4209 2832 4259; x_wconf 76' lang='lat' dir='ltr'>,habitabo</span> 
     </span>
     <span class='ocr_line' id='line_1_39' title="bbox 861 4265 1820 4334; baseline 0.005 -20"><span class='ocrx_word' id='word_1_317' title='bbox 861 4266 916 4314; x_wconf 81' lang='lat' dir='ltr'>in</span> <span class='ocrx_word' id='word_1_318' title='bbox 942 4265 1039 4315; x_wconf 87' lang='lat' dir='ltr'>te”</span> <span class='ocrx_word' id='word_1_319' title='bbox 1061 4265 1135 4328; x_wconf 86' lang='lat' dir='ltr'>(ii.</span> <span class='ocrx_word' id='word_1_320' title='bbox 1164 4279 1238 4327; x_wconf 80' lang='lat'>14.</span> <span class='ocrx_word' id='word_1_321' title='bbox 1269 4278 1327 4328; x_wconf 86' lang='lat'>15</span> <span class='ocrx_word' id='word_1_322' title='bbox 1357 4265 1447 4332; x_wconf 88' lang='lat' dir='ltr'>[B.</span> <span class='ocrx_word' id='word_1_323' title='bbox 1471 4271 1542 4319; x_wconf 82' lang='lat' dir='ltr'>A.</span> <span class='ocrx_word' id='word_1_324' title='bbox 1576 4281 1653 4328; x_wconf 82' lang='grc' dir='ltr'>ιο.</span> <span class='ocrx_word' id='word_1_325' title='bbox 1682 4265 1820 4334; x_wconf 88' lang='lat'>11]);</span> 
     </span>
    </p>
   </div>
   <div class='ocr_carea' id='block_1_10' title="bbox 599 4378 1131 4463">
    <p class='ocr_par' dir='ltr' id='par_1_10' title="bbox 599 4378 1131 4463">
     <span class='ocr_line' id='line_1_40' title="bbox 599 4378 1131 4463; baseline -0.004 -19"><span class='ocrx_word' id='word_1_326' title='bbox 599 4378 780 4463; x_wconf 89' lang='lat' dir='ltr'>apud</span> <span class='ocrx_word' id='word_1_327' title='bbox 817 4379 1131 4453; x_wconf 88' lang='lat' dir='ltr'>eundem,</span> 
     </span>
    </p>
   </div>
   <div class='ocr_carea' id='block_1_11' title="bbox 699 4487 2832 4683">
    <p class='ocr_par' dir='ltr' id='par_1_11' title="bbox 699 4487 2832 4683">
     <span class='ocr_line' id='line_1_41' title="bbox 699 4487 2832 4560; baseline 0.005 -21"><span class='ocrx_word' id='word_1_328' title='bbox 699 4490 730 4513; x_wconf 82' lang='lat'>⁸⁸</span> <span class='ocrx_word' id='word_1_329' title='bbox 745 4487 1004 4540; x_wconf 83' lang='lat' dir='ltr'>Revertar</span> <span class='ocrx_word' id='word_1_330' title='bbox 1025 4489 1094 4538; x_wconf 80' lang='lat' dir='ltr'>ad</span> <span class='ocrx_word' id='word_1_331' title='bbox 1119 4488 1352 4547; x_wconf 88' lang='lat' dir='ltr'>Sionem.</span> <span class='ocrx_word' id='word_1_332' title='bbox 1377 4501 1432 4540; x_wconf 89' lang='lat' dir='ltr'>et</span> <span class='ocrx_word' id='word_1_333' title='bbox 1459 4491 1713 4542; x_wconf 85' lang='lat' dir='ltr'>habitabo</span> <span class='ocrx_word' id='word_1_334' title='bbox 1738 4493 1793 4542; x_wconf 88' lang='lat' dir='ltr'>in</span> <span class='ocrx_word' id='word_1_335' title='bbox 1822 4493 2001 4544; x_wconf 86' lang='lat' dir='ltr'>medio</span> <span class='ocrx_word' id='word_1_336' title='bbox 2028 4493 2476 4560; x_wconf 60' lang='lat' dir='ltr'>Hierosolyma:</span> <span class='ocrx_word' id='word_1_337' title='bbox 2510 4498 2654 4548; x_wconf 89' lang='lat' dir='ltr'>unde</span> <span class='ocrx_word' id='word_1_338' title='bbox 2678 4513 2832 4550; x_wconf 80' lang='lat' dir='ltr'>voca-</span> 
     </span>
     <span class='ocr_line' id='line_1_42' title="bbox 861 4553 2830 4683; baseline 0.006 -81"><span class='ocrx_word' id='word_1_339' title='bbox 861 4553 1548 4683; x_wconf 47' lang='lat' dir='ltr'>Zffigitaiteizosaessuaaffbs</span> <span class='ocrx_word' id='word_1_340' title='bbox 1569 4557 1824 4618; x_wconf 83' lang='lat' dir='ltr'>veritatis,</span> <span class='ocrx_word' id='word_1_341' title='bbox 1840 4568 1895 4608; x_wconf 91' lang='lat' dir='ltr'>et</span> <span class='ocrx_word' id='word_1_342' title='bbox 1914 4573 2071 4610; x_wconf 85' lang='lat' dir='ltr'>mons</span> <span class='ocrx_word' id='word_1_343' title='bbox 2088 4560 2329 4625; x_wconf 86' lang='lat' dir='ltr'>Jehovae</span> <span class='ocrx_word' id='word_1_344' title='bbox 2349 4559 2658 4629; x_wconf 77' lang='lat' dir='ltr'>[zebaothJ.</span> <span class='ocrx_word' id='word_1_345' title='bbox 2674 4579 2830 4614; x_wconf 86' lang='lat' dir='ltr'>mous</span> 
     </span>
    </p>
   </div>
  </div>
 </body>
</html>
