3259 5384
573 609 748 676 2300-
1193 607 1689 662 APOCALYPsm
1732 609 2183 662 EXPLICATA.

571 786 792 840 tatem
839 776 1075 859 prioris
1121 777 1405 854 bestiae,
1439 779 1622 862 quod
1660 779 1752 844 sit
1795 780 1864 844 in
1910 799 2163 862 genere
2200 777 2369 843 fides
2404 785 2739 860 separata
2778 795 2825 840 a

571 873 714 936 vita
771 871 946 948 fidei,
995 892 1168 955 quae
1220 883 1330 938 est
1379 872 1717 938 charitas:
1781 894 1873 939 ex
1917 875 2157 957 quibus
2202 882 2521 938 constare
2567 880 2825 954 potest

571 965 751 1047 quod
813 986 932 1048 per
975 967 1158 1049 quod
1216 966 1386 1031 haec
1438 967 1717 1032 “bestia
1768 976 2191 1050 potestatem
2244 964 2479 1049 prioris
2539 965 2823 1028 bestiae

471 1105 476 1116 .
571 1077 844 1122 omnem
879 1059 1111 1126 fecerit
1143 1078 1374 1126 coram
1398 1060 1757 1136 dracone,”
1775 1060 2193 1142 significetur
2218 1060 2565 1124 connexio
2587 1060 2823 1124 ratio-

570 1153 896 1217 ciniorum
934 1175 972 1218 e
1010 1155 1304 1220 naturali
1341 1153 1617 1220 homine
1656 1174 1809 1220 cum
1846 1175 2049 1220 sensu
2094 1153 2369 1220 litterae
2406 1153 2642 1229 Verbi,
2690 1173 2827 1236 per

569 1265 773 1328 quam
821 1247 1258 1313 confirmatur
1293 1248 1535 1330 religio
1579 1247 1732 1314 fidei
1779 1257 2155 1332 separatae.
2246 1245 2449 1328 Quod
2496 1247 2586 1310 sit
2632 1265 2823 1310 con-

571 1341 778 1404 nexio
809 1341 1314 1406 ratiociniorum
1346 1364 1436 1407 ex
1467 1343 1760 1408 naturali
1793 1343 2069 1406 homine
2100 1362 2256 1406 cum
2288 1361 2491 1405 sensu
2524 1341 2825 1404 litterae

571 1434 802 1511 Verbi,
839 1446 946 1499 est
983 1439 1137 1520 quia
1173 1457 1294 1520 per
1325 1457 1599 1501 sensum
1637 1438 1913 1501 litterae
1943 1435 2156 1500 Verbi
2195 1454 2527 1518 nusquam
2566 1443 2825 1516 potest

569 1528 950 1594 confirmari
1006 1531 1280 1614 aliquod
1360 1530 1624 1606 salsum,
1675 1531 1801 1594 nisi
1859 1550 2062 1614 quam
2122 1551 2243 1612 per
2294 1530 2651 1594 ratiocinia
2719 1550 2823 1594 ex

569 1623 859 1687 naturali
884 1625 1178 1689 homine.
1248 1625 1553 1721 Verbum
1578 1625 1759 1689 enim
1784 1626 1852 1687 in
1874 1624 2106 1688 littera
2125 1625 2441 1688 consistit
2468 1645 2558 1687 ex
2586 1644 2822 1706 appa-

571 1719 806 1782 rentiis
831 1719 992 1794 veri,
1020 1729 1092 1782 et
1124 1739 1393 1802 quoque
1425 1741 1516 1783 ex
1549 1719 2168 1802 correspondentiis
2194 1741 2210 1796 ;
2248 1719 2379 1784 hae
2408 1728 2619 1802 atque
2642 1719 2824 1782 illae

569 1811 635 1873 in
661 1812 810 1875 sinu
833 1833 980 1888 suo,
1007 1814 1136 1876 hoc
1171 1822 1301 1888 est,
1329 1815 1396 1877 in
1427 1833 1630 1876 sensu
1663 1812 1995 1896 spirituali
2020 1833 2165 1888 suo,
2199 1814 2559 1876 continent
2582 1832 2820 1894 genu-

571 1905 684 1968 ina
719 1926 918 1984 vera;
973 1927 1181 1988 quare
1226 1927 1380 1970 cum
1425 1907 1668 1970 salsum
1712 1907 1989 1989 aliquod
2038 1927 2156 1989 per
2190 1908 2627 1988 apparentias
2664 1908 2823 1970 veri

567 2001 1184 2083 correspondentes
1220 2002 1532 2083 genuinis
1567 2003 1745 2064 veris
1788 2001 2247 2076 confirmatur,
2290 2010 2451 2064 tunc
2492 1999 2819 2064 Verbum

568 2092 978 2170 falsificatur,
1018 2105 1090 2158 et
1133 2095 1513 2159 falsificatio
1551 2094 1763 2158 Verbi
1802 2115 1939 2158 non
1986 2095 2127 2158 dari
2166 2103 2401 2176 potest
2432 2095 2557 2158 nisi
2594 2113 2820 2176 quam

567 2207 685 2268 per
709 2189 1064 2252 ratiocinia
1092 2209 1184 2253 ex
1217 2189 1509 2253 naturali
1542 2189 1837 2252 homine.
1914 2188 2083 2252 Inde
2114 2198 2223 2252 est
2254 2188 2436 2271 quod
2472 2187 2819 2263 “drac0,”

569 2303 687 2364 per
722 2301 924 2365 quem
962 2282 1382 2366 significatur
1417 2284 1675 2366 dogma
1710 2283 2128 2346 haereticum
2166 2283 2253 2346 de
2292 2283 2440 2346 sola
2481 2281 2637 2356 fide,
2680 2282 2817 2347 de·-

572 2376 907 2440 scribatur
939 2376 1218 2440 ulterius
1257 2397 1376 2460 per
1411 2378 1659 2440 “binas
1696 2377 2011 2452 bestias,”
2042 2397 2161 2459 per
2191 2396 2474 2460 quarum
2510 2378 2816 2460 primam

567 2469 968 2534 describitur
987 2471 1420 2535 ratiocinatio
1444 2492 1534 2535 ex
1561 2471 1852 2535 naturali
1877 2471 2153 2552 homine
2173 2491 2296 2553 pro
2320 2470 2455 2534 fide
2478 2481 2817 2552 separata

568 2585 608 2628 a
644 2566 788 2628 vita
831 2564 971 2645 ejus
1017 2585 1191 2648 quae
1234 2576 1341 2629 est
1387 2566 1711 2641 charitaS,
1752 2576 1823 2629 et
1869 2586 1988 2648 per
2032 2566 2319 2629 alteram
2366 2564 2817 2630 confirmatio

569 2680 660 2723 ex
711 2678 914 2722 sensu
973 2659 1245 2724 litterae
1291 2659 1527 2735 Verbi,
1575 2670 1647 2724 et
1707 2660 1866 2723 inde
1920 2659 2061 2741 ejus
2114 2662 2600 2735 corroboratio,
2653 2671 2815 2726 tum

568 2752 951 2817 falsificatio
997 2755 1154 2816 veri.
1248 2753 1418 2818 Inde
1470 2756 1717 2818 iterum
1765 2763 1958 2837 patet
1998 2754 2178 2836 quod
2224 2775 2343 2836 per
2388 2755 2567 2837 quod
2625 2755 2812 2821 haec

568 2847 790 2910 bestia
839 2852 1320 2930 “potestatem
1366 2849 1600 2930 prioris
1648 2849 1908 2911 bestiae
1962 2866 2236 2911 omnem
2281 2847 2517 2910 fecerit
2564 2869 2813 2914 coram

565 2939 921 3016 dracone,”
966 2939 1382 3022 significetur
1441 2943 1785 3005 connexio
1836 2943 2340 3005 ratiociniorum
2401 2961 2439 3004 e
2500 2943 2813 3007 naturali

566 3034 841 3098 homine
886 3053 1041 3097 cum
1087 3055 1288 3098 sensu
1335 3035 1608 3099 litterae
1647 3034 1878 3098 Verbi.
1970 3033 2105 3098 Sed
2151 3035 2321 3098 haec
2370 3035 2815 3100 illustrentur

565 3149 684 3210 per
719 3126 1084 3210 exempla;
1145 3138 1241 3204 ut,
1287 3127 1408 3212 (1.)
1474 3127 1677 3210 Quod
1716 3129 2113 3212 dogmatici,
2153 3131 2265 3212 qui
2312 3150 2435 3212 pro
2472 3129 2621 3192 sola
2666 3130 2813 3196 fide

565 3232 896 3304 pugnant,
955 3222 1119 3285 nihil
1178 3224 1546 3288 attendant
1605 3225 1693 3286 ad
1748 3225 1977 3287 omnia
2034 3224 2153 3287 illa
2210 3223 2363 3286 loca
2417 3222 2631 3288 Verbi
2688 3225 2815 3290 ubi

569 3315 892 3397 “opera,”
941 3314 1240 3392 “factm’'
1295 3319 1618 3400 “operari
1640 3317 1671 3343 ”
1721 3327 1795 3382 et
1852 3317 2175 3382 “facere'’
2228 3319 2561 3392 dicuntur,
2619 3338 2811 3402 quae

567 3429 778 3494 usque
815 3418 960 3473 tam
993 3411 1339 3475 evidentia
1373 3421 1531 3476 sunt
1571 3421 1647 3476 ut
1686 3433 1771 3476 ne
1808 3411 2020 3476 ullum
2050 3412 2477 3476 ratiocinium
2514 3422 2811 3476 contra·

569 3505 736 3566 rium
784 3505 1050 3586 possint
1094 3505 1482 3580 admittere,
1523 3514 1594 3570 et
1641 3515 1875 3570 tamen
1922 3505 2203 3569 trahunt
2251 3506 2369 3568 illa
2412 3525 2453 3568 a
2496 3508 2812 3587 genuino

567 3619 690 3662 suo
735 3617 958 3673 sensu,
1007 3607 1077 3662 et
1123 3619 1245 3682 per
1287 3601 1641 3664 ratiocinia
1692 3598 2061 3664 deflectunt
2108 3610 2179 3664 et
2225 3609 2545 3665 avertunt
2590 3599 2719 3666 illa
2767 3623 2811 3666 a

563 3694 864 3775 genuino
895 3693 1104 3770 Ver0‚
1137 3694 1320 3777 quod
1356 3695 1424 3758 in
1457 3695 1665 3759 caelis
1699 3706 1827 3771 est,
1851 3717 1931 3762 ac
1957 3697 2136 3780 quod
2164 3717 2403 3760 sensus
2430 3695 2811 3778 spiritualis

568 3807 801 3850 eorum
847 3788 1201 3866 continet;
1261 3789 1755 3852 ratiocinantur
1807 3789 2008 3864 enim,
2056 3789 2351 3852 dicendo
2402 3787 2583 3870 quod
2644 3790 2810 3854 sola

563 3879 731 3944 fides
762 3881 1067 3946 involvat
1114 3879 1292 3948 fasta
1337 3891 1410 3946 et
1460 3903 1689 3964 opera,
1730 3883 1885 3966 quia
1921 3883 2033 3966 qui
2069 3884 2139 3947 in
2176 3881 2307 3946 fide
2344 3893 2526 3958 sunt,
2565 3883 2806 3948 inillis

563 3983 744 4050 sunt,
778 3976 874 4041 ita
911 3975 1090 4057 quod
1123 3974 1290 4040 fides
1321 3987 1639 4059 operetur
1669 3975 1825 4056 illa;
1872 3997 2025 4040 cum
2059 3986 2294 4041 tamen
2330 3975 2497 4040 fides
2534 3976 2805 4060 absque

565 4066 758 4132 factis
810 4089 932 4132 seu
981 4070 1298 4151 operibus
1357 4079 1465 4134 est
1519 4069 1687 4134 fides
1740 4080 2027 4146 mortua,
2083 4091 2257 4154 quae
2310 4070 2475 4133 nihil
2528 4073 2807 4152 operari

563 4172 836 4245 potest:
877 4173 948 4226 et
974 4164 1028 4226 si
1053 4164 1183 4228 hoc
1209 4164 1340 4228 illis
1365 4165 1630 4240 dicitur,
1658 4165 2149 4230 ratiocinantur
2172 4165 2354 4248 quod
2380 4161 2558 4228 facta
2581 4185 2803 4248 usque

562 4257 790 4322 adsint
816 4277 934 4338 per
957 4258 1300 4322 occultam
1327 4260 1794 4342 operationem
1824 4259 2159 4335 Divinam,
2188 4270 2260 4324 et
2287 4270 2521 4323 tamen
2550 4260 2801 4324 exclu-

563 4353 734 4416 dunt
771 4350 888 4416 illa
923 4373 962 4416 e
1000 4353 1226 4417 medio
1261 4353 1681 4430 salvationis,
1716 4356 1809 4417 sic
1848 4363 1924 4418 ut
1962 4355 2227 4436 possint
2265 4355 2505 4418 adesse
2543 4363 2615 4417 et
2653 4373 2802 4419 non

562 4446 846 4526 adesse;
909 4457 985 4512 ut
1045 4457 1364 4512 constare
1424 4457 1659 4531 potest
1718 4470 1807 4512 ex
1860 4448 2349 4531 justificatione
2410 4469 2529 4531 per
2586 4447 2799 4513 fidem

563 4550 1142 4619 momentaneam,
1198 4551 1270 4606 et
1323 4561 1590 4625 quoque
1645 4543 1714 4610 in
1768 4543 2006 4608 mortis
2062 4543 2250 4620 hora,
2302 4544 2572 4608 etiamsi
2632 4543 2799 4608 mali
