3259 5384
468 627 625 713 ¹968
1081 645 1580 698 APOCALYPSIS
1625 647 2077 699 EmecuA.

455 835 744 898 regnum
809 814 1108 880 caeleste
1173 815 1419 880 dicitur
1484 817 1595 881 ubi
1660 817 1982 899 recipitur
2040 817 2361 882 Divinum
2422 816 2685 880 Bonum

455 912 836 992 procedens
895 930 936 972 a
996 910 1317 987 Domin0,
1366 921 1437 974 et
1489 931 1776 994 regnum
1822 912 2169 996 spirituale
2215 912 2325 975 ubi
2370 912 2689 992 recipitur

457 1003 778 1068 Divinum
812 1004 1111 1083 Verum3
1156 1025 1364 1087 quare
1392 1005 1715 1069 Divinum
1742 1006 1999 1071 Verum
2032 1027 2152 1090 per
2179 1012 2219 1039 ‘⁴
2236 1015 2466 1069 vestes
2491 1005 2686 1069 Aha-

456 1099 683 1162 ronis”
720 1100 787 1161 in
832 1119 1086 1180 genere
1123 1097 1558 1180 significatur,
1599 1119 1680 1162 ac
1722 1120 1840 1183 per
1880 1099 2327 1182 “ephodum”
2367 1099 2685 1163 Divinum

455 1189 714 1254 Verum
761 1193 826 1254 in
874 1191 1149 1267 ultimis,
1198 1193 1518 1275 quoniam
1565 1203 1713 1257 erat
1759 1191 2047 1258 amictus
2092 1193 2388 1258 ultimus,
2480 1191 2683 1274 Quod

457 1289 746 1348 “vestes
762 1285 793 1309 ”
838 1287 906 1348 in
958 1305 1210 1367 genere
1255 1285 1641 1367 significent
1678 1308 1859 1363 vera,
1899 1307 1979 1351 ac
2022 1293 2316 1351 “vestes
2362 1286 2639 1349 Domini
2656 1286 2687 1310 '²

453 1398 626 1461 quae
672 1389 1129 1462 apparuerunt
1184 1381 1358 1444 sicut
1413 1380 1532 1444 lux
1587 1383 1920 1445 candidae
1967 1383 2239 1464 quando
2284 1401 2514 1445 coram
2562 1382 2685 1444 tri-

453 1472 578 1535 bus
622 1473 968 1555 discipulis
1015 1473 1538 1538 transformatus
1592 1476 1737 1550 suit,
1784 1475 2319 1557 significaverint
2368 1475 2685 1538 Divinum

454 1564 710 1630 Verum
765 1567 1142 1648 procedens
1195 1568 1282 1630 ab
1342 1567 1525 1649 Ipse,
1573 1589 1654 1632 ac
1715 1569 2027 1633 similiter
2074 1575 2363 1632 “vestes
2410 1569 2684 1632 Domini

449 1677 492 1718 a
529 1657 858 1720 militibus
894 1657 1216 1732 divisae,”
1245 1658 1561 1722 videatur
1596 1679 1801 1741 supra
1836 1677 1906 1734 (n.
1934 1659 2037 1739 64,
2066 1660 2167 1740 65.
2205 1675 2341 1741 195.
2372 1675 2514 1740 271.
2546 1673 2685 1740 395.

449 1760 674 1826 475[a]‚
708 1746 854 1826 476,
887 1747 1079 1826 637):
1140 1748 1299 1809 inde
1359 1759 1685 1812 constare
1737 1758 1971 1831 potest
2030 1750 2214 1830 quod
2272 1769 2392 1830 per
2450 1748 2683 1810 “duo-

452 1838 674 1901 decim
734 1838 996 1922 lapides
1057 1839 1122 1902 in
1187 1835 1514 1920 pectorali
1576 1839 1875 1922 ephodi”
1920 1840 2308 1922 significata
2364 1840 2503 1904 sint
2563 1839 2686 1902 Di·

451 1933 610 1994 vina
669 1953 830 1995 vera
889 1933 957 1995 in
1019 1932 1296 2006 ultimis,
1347 1932 1657 1998 similiter
1714 1955 1793 1998 ac
1856 1955 1976 2017 per
2038 1934 2455 1997 “duodecim
2514 1931 2685 1997 filios

453 2025 722 2088 Israelis
739 2025 770 2052 ”
835 2036 908 2089 et
974 2046 1093 2109 per
1154 2025 1573 2090 “duodecim
1640 2028 1931 2106 tribus;”
1994 2029 2176 2110 quod
2237 2047 2356 2110 per
2420 2026 2548 2090 hos
2612 2036 2685 2090 et

456 2120 610 2183 illos
656 2121 723 2183 in
770 2120 1004 2184 Verbo
1050 2120 1517 2202 significentur
1561 2141 1724 2186 vera
1768 2122 2099 2186 ecclesiae
2142 2123 2210 2185 in
2257 2122 2440 2184 omni
2487 2139 2683 2184 com—

452 2212 688 2294 plexu,
727 2214 1049 2276 videatur
1092 2233 1298 2295 supra
1343 2229 1412 2288 (ιι.
1446 2230 1592 2293 431.
1624 2214 1795 2294 657).
1878 2211 2084 2294 Quod
2129 2211 2478 2295 pectorale
2514 2210 2683 2275 illud

450 2325 540 2366 ex
588 2304 921 2386 lapidibus
966 2307 1304 2386 pretiosis,
1345 2307 1470 2369 sub
1514 2307 1755 2389 quibus
1800 2307 2076 2368 nomina
2112 2306 2472 2378 duodecim
2510 2304 2683 2368 filio-

447 2419 595 2462 rum
657 2397 930 2462 Israelis
988 2409 1206 2475 erant,
1257 2397 1640 2464 confectum
1686 2400 1905 2475 fuerit,
1953 2408 2103 2463 erat
2155 2409 2229 2463 ut
2290 2419 2409 2482 per
2466 2398 2535 2463 id
2574 2419 2679 2462 re·

449 2511 701 2574 sponsa
753 2513 792 2556 e
854 2493 1048 2557 caelo
1107 2493 1381 2569 ferrent,
1427 2515 1600 2577 quae
1654 2493 2070 2556 sistebantur
2116 2494 2183 2556 in
2238 2490 2562 2576 pectorali
2609 2503 2682 2556 et

445 2607 539 2649 ex
584 2586 703 2649 illo
751 2607 869 2668 per
913 2589 1418 2669 variegationes
1455 2587 1761 2651 colorum
1807 2606 1899 2650 ex
1945 2586 2277 2669 lapidibus
2322 2584 2455 2649 illis
2492 2585 2683 2650 efful-

449 2681 797 2761 gentium:
849 2682 1222 2744 secundum
1255 2682 1919 2764 repraesentationes
1951 2681 2346 2743 Divinorum
2371 2699 2682 2743 verorum

447 2774 515 2837 in
553 2773 783 2849 caelis,
813 2775 923 2837 ubi
957 2773 1204 2838 Divina
1233 2797 1413 2850 vera,
1442 2795 1616 2858 quae
1648 2795 1689 2838 a
1721 2774 2019 2837 Domino
2044 2794 2164 2856 per
2187 2773 2418 2837 caelos
2447 2793 2682 2838 versus

446 2868 756 2931 inferiora
788 2868 1110 2943 defluunt,
1145 2871 1476 2932 sistuntur
1506 2888 1625 2950 per
1658 2867 1963 2931 colorum
1996 2868 2537 2948 variegationes;
2584 2887 2675 2930 ex

446 2962 685 3043 quibus
723 2971 1042 3025 constare
1078 2972 1312 3045 potest
1351 2964 1533 3045 quod
1577 2983 1699 3044 per
1730 2961 2049 3043 “lapides
2092 2960 2246 3024 illos
2293 2960 2677 3042 pretiosos”

446 3053 656 3115 etiam
694 3052 1086 3132 significata
1123 3055 1260 3116 sint
1299 3052 1552 3116 Divina
1586 3073 1751 3115 vera
1784 3053 1855 3115 in
1892 3052 2171 3115 ultimiS.
2256 3067 2377 3126 (Sed
2398 3067 2519 3113 haec
2540 3067 2683 3126 plene

445 3147 684 3204 explicata
702 3148 956 3193 videantur
981 3149 1032 3193 in
1061 3149 1268 3194 Arcanis
1301 3149 1594 3200 Caelestibus.
1623 3161 1671 3194 n.
1700 3144 2055 3205 9856-1119909:
2090 3153 2138 3192 et
2164 3148 2227 3192 de
2248 3143 2277 3161 ‘¹
2293 3147 2417 3192 binis
2444 3147 2685 3204 lapidibus

443 3212 722 3266 sehoham,''
740 3213 824 3270 qui
839 3225 986 3271 super
1001 3214 1210 3259 humeris
1227 3214 1418 3272 ephodi.
1435 3227 1484 3259 n.
1503 3215 1790 3271 9831—9855.
1842 3212 1989 3269 Quod
2007 3217 2033 3236 ‘⁸
2048 3213 2294 3270 ephodum
2307 3212 2334 3228 '¹
2350 3212 2685 3270 significaverit

445 3288 694 3327 externum
711 3283 842 3340 regni
858 3283 1122 3340 spiritualis,
1140 3285 1274 3340 quod
1295 3289 1365 3328 est
1388 3282 1616 3328 Divinum
1630 3282 1812 3327 Verum
1834 3281 1883 3326 in
1900 3281 2089 3335 ultimis,
2106 3294 2154 3327 n.
2170 3283 2307 3338 9824.
2368 3281 2501 3338 Quid
2521 3288 2683 3327 autern

441 3350 495 3395 in
509 3349 667 3408 speeie
675 3349 960 3408 significavit
977 3355 1003 3372 ⁸·
1017 3349 1262 3403 rubinus.‘'
1281 3355 1308 3373 ¹·
1323 3349 1566 3408 topazius-»⁹⁰
1583 3357 1630 3394 et
1649 3354 1676 3372 ⁸·
1690 3347 2053 3402 carbunculus?
2072 3362 2119 3395 n.
2136 3349 2255 3406 9865
2272 3363 2283 3400 ;
2316 3349 2435 3405 quid
2450 3352 2478 3372 ··
2491 3349 2684 3408 chryso-

441 3419 657 3477 prasus,”
681 3424 707 3442 ⁸·
724 3420 974 3477 sapphirus
989 3419 1016 3434 ¹·
1049 3427 1097 3465 et
1119 3419 1403 3473 '‘udaiuns'’
1426 3433 1475 3466 n.
1506 3421 1655 3476 9868:
1692 3419 1810 3476 quid
1832 3418 2099 3477 “cyanus,''
2124 3417 2400 3464 “achates’'
2434 3424 2483 3464 et
2512 3423 2685 3464 ‘'ame-

443 3487 660 3542 thistus,’'
683 3501 730 3534 n.
751 3491 896 3547 9870:
929 3495 977 3534 et
997 3491 1114 3547 quid
1137 3493 1162 3512 '¹
1179 3488 1518 3541 tharschisch.''
1543 3493 1570 3511 ‘⁸
1587 3489 1818 3534 sehoham
1832 3487 1860 3503 '⁹
1882 3495 1931 3533 et
1951 3492 1978 3511 ⁸·
1994 3487 2186 3546 jaspis,''
2210 3500 2258 3533 n.
2280 3485 2441 3546 9872.)

567 3567 691 3652 [o.]
759 3567 1021 3632 Similia
1051 3569 1265 3631 etiam
1289 3566 1763 3649 significantur
1788 3586 1909 3649 per
1936 3565 2263 3647 “lapides
2286 3568 2631 3648 pretiosos
2648 3566 2681 3592 ”

444 3680 564 3743 per
607 3680 776 3742 quos
814 3661 1218 3724 describitur
1254 3660 1542 3724 scientia
1578 3660 2049 3741 cognitionum
2096 3659 2237 3722 veri
2282 3668 2355 3722 et
2375 3659 2563 3722 ’boni
2608 3668 2681 3724 et

441 3754 600 3818 inde
635 3752 1097 3835 intelligentia
1132 3755 1314 3835 regis
1353 3753 1541 3834 Tyri,
1581 3753 1763 3834 apud
1798 3751 2228 3828 Ezechielem,

542 3903 660 3954 Rex
678 3903 826 3966 Tyri,
846 3904 945 3953 “tu
970 3903 1159 3965 plenus
1177 3902 1455 3964 sapientia,
1476 3911 1529 3951 et
1551 3898 1823 3964 perfectus
1844 3901 2250 3964 pulchritudine,
2270 3901 2326 3950 in
2353 3900 2503 3951 Eden
2522 3902 2681 3951 horto

705 3968 807 4018 Dei
830 3969 1012 4026 fuisti;
1041 3969 1218 4017 omnis
1243 3968 1379 4029 lapis
1405 3969 1673 4030 pretiosus
1692 3976 2061 4030 tegumentum
2086 3976 2251 4024 tuum,
2272 3968 2509 4026 rubinas,
2528 3977 2681 4030 topa-

702 4033 816 4084 zius
827 4043 881 4082 et
891 4033 1127 4092 adamas,
1143 4032 1486 4090 tharschisch,
1501 4033 1777 4096 sardonyx
1788 4041 1842 4081 et
1853 4032 2037 4094 jaspis,
2051 4032 2351 4094 sapphirus,
2364 4033 2682 4095 chrysopra-

701 4113 795 4148 sus
810 4109 864 4147 et
878 4098 1210 4160 smaragdus,
1224 4107 1279 4147 et
1293 4111 1497 4147 aurum.
1539 4135 1552 4146 .
1573 4133 1586 4148 .
1605 4134 1618 4147 .
1640 4097 1747 4147 ‚Tu
1762 4098 2040 4156 cherubus,
2052 4098 2315 4158 expansio
2327 4097 2679 4159 contegentis,

701 4172 756 4213 et
783 4164 936 4226 posui
966 4173 1034 4222 te,
1060 4163 1114 4212 in
1143 4173 1329 4212 monte
1353 4161 1655 4212 sanctitatis
1680 4161 1782 4212 Dei
1804 4161 1968 4220 fuisti,
1992 4163 2048 4212 in
2078 4162 2256 4212 medio
2280 4162 2517 4224 lapidum
2537 4162 2679 4225 ignis

705 4227 993 4278 ambulasti
1006 4227 1035 4248 '’
1058 4228 1261 4291 (xxviii.
1290 4240 1366 4287 12,
1395 4223 1496 4292 13[‚
1527 4223 1669 4292 14]):

441 4379 760 4463 quoniam
805 4399 926 4462 per
966 4383 1258 4460 “regern
1297 4376 1462 4460 Tyri
1477 4375 1510 4401 ’⁹
1547 4375 2018 4459 significantur
2055 4378 2489 4460 cognitiones
2534 4378 2677 4442 veri

441 4473 771 4538 ecclesiae
807 4494 896 4538 ex
930 4472 1185 4546 Verb0,
1221 4480 1291 4535 et
1328 4471 1602 4554 quidem
1642 4493 1733 4536 ex
1766 4492 1969 4536 sensu
2006 4471 2286 4536 litterali
2318 4471 2482 4554 ejuS,
2518 4473 2679 4536 inde

440 4569 685 4632 dicitur
721 4567 901 4653 quod
937 4569 1060 4630 “in
1099 4565 1297 4630 Eden
1329 4566 1536 4629 horto
1577 4565 1705 4630 Dei
1742 4565 1938 4630 fuerit
1962 4565 2017 4646 ;”
2063 4586 2183 4649 per
2218 4565 2476 4630 “Eden
2514 4565 2676 4630 hor-
