3259 5384
653 645 821 708 2180
1274 657 1772 708 APOCALYPsls
1818 656 2264 707 EXPLmATA.

653 823 1028 903 percussit;
1068 823 1154 884 de
1190 843 1327 905 quo
1362 823 1459 886 ita
1490 821 1555 884 in
1592 821 1804 886 Libro
1835 821 2076 886 Primo
2113 821 2469 896 Samuelis,

756 961 947 1012 “Dixit
975 961 1149 1012 David
1173 963 1241 1012 ad
1270 963 1498 1023 Saulem,
1528 963 1762 1013 pascens
1789 963 1889 1013 fuit
1917 978 2105 1014 servus
2133 973 2254 1013 tuus
2283 964 2420 1026 patri
2448 977 2547 1013 suo
2575 977 2808 1026 gregem,
2833 972 2885 1012 et

915 1029 1065 1076 venit
1087 1028 1189 1086 leo,
1204 1039 1259 1077 ct
1282 1029 1495 1091 quidem
1522 1043 1642 1078 cum
1667 1043 1808 1086 urse,
1827 1038 1882 1078 et
1905 1029 2122 1077 abstulit
2145 1028 2401 1090 pecudem
2425 1028 2494 1077 de
2515 1043 2676 1090 grege
2698 1043 2711 1084 ;
2745 1028 2884 1076 exivi

917 1103 1042 1154 post
1064 1107 1203 1151 eum,
1232 1103 1286 1143 et
1315 1095 1551 1156 percussi
1579 1108 1728 1143 eum.
1747 1131 1760 1142 .
1781 1107 1824 1150 .;
1857 1103 1912 1142 et
1937 1108 2058 1142 cum
2091 1103 2334 1155 surgeret
2360 1105 2558 1144 contra.
2581 1108 2684 1152 me,
2701 1107 2888 1155 appre-

916 1157 1077 1206 hendi
1114 1159 1331 1207 barbam
1368 1157 1501 1220 ejus,
1531 1170 1586 1208 et
1620 1159 1858 1221 percussi
1894 1173 2014 1209 eum
2051 1169 2104 1208 et
2137 1159 2304 1208 occidi
2339 1173 2495 1213 eum:
2533 1169 2639 1206 tam
2676 1159 2885 1206 leonem

917 1237 1075 1285 quam
1100 1237 1282 1272 ursum
1314 1224 1571 1286 percussit
1600 1237 1787 1272 servus
1823 1232 1976 1272 tuus:
2011 1224 2112 1272 erit
2146 1237 2278 1284 ergo
2315 1221 2695 1272 philisthaeus.
2715 1237 2888 1284 ,prae-

915 1289 1163 1350 putiatus,
1184 1288 1319 1337 sicut
1341 1302 1480 1337 unus
1500 1289 1566 1337 de
1590 1289 1713 1348 illis,
1729 1303 1795 1338 eo
1812 1289 1952 1352 quod
1971 1287 2259 1351 opprobrio
2283 1287 2652 1350 provocaverit
2670 1288 2887 1336 ordines

918 1351 1016 1400 Dei
1046 1353 1153 1402 vivi
1168 1351 1197 1372 '⁹
1220 1352 1364 1414 (xvii.
1390 1353 1604 1414 34-37):

655 1499 839 1580 quod
864 1499 1113 1564 Davidi
1140 1501 1308 1564 data
1329 1501 1417 1563 sit
1445 1501 1763 1582 potentia
1787 1501 2214 1583 percutiendi
2238 1499 2512 1564 leonem
2537 1509 2610 1563 et
2633 1517 2884 1574 ursum,

656 1593 767 1674 qui
812 1594 1100 1656 abstulit
1145 1595 1477 1676 pecudem
1530 1595 1616 1656 de
1669 1613 1907 1675 grege,
1965 1604 2115 1656 erat
2165 1595 2324 1677 quia
2368 1614 2488 1675 per
2547 1591 2887 1656 Davidem

657 1687 1310 1769 repraesentabatur
1368 1687 1707 1750 Dominus
1765 1688 1992 1770 quoad
2053 1686 2376 1750 Divinum
2423 1686 2706 1760 Verum,
2753 1706 2888 1766 quo

658 1780 888 1862 iniqui
912 1780 1000 1843 ab
1022 1780 1317 1843 ecclesia
1344 1781 1563 1862 Ipsius
1588 1789 1750 1844 sunt
1771 1783 2198 1844 instruuntur
2222 1801 2236 1857 ;
2274 1791 2346 1843 et
2368 1799 2489 1861 per
2509 1789 2548 1813 ‘⁸
2567 1780 2842 1842 leonem
2857 1777 2888 1802 '⁸

658 1872 1079 1956 significatur
1108 1876 1423 1954 potentia
1454 1873 1682 1936 Divini
1714 1873 1880 1936 Veri
1911 1874 2302 1955 spiritualis,
2336 1883 2408 1936 et
2455 1875 2520 1936 in
2565 1872 2888 1954 opposito

658 1988 884 2040 sensu,
947 1976 1019 2028 ut
1078 1966 1210 2041 hic,
1258 1968 1573 2048 potentia
1628 1966 1780 2029 falsi
1839 1966 2186 2029 infernalis
2249 1975 2495 2029 contra
2567 1965 2889 2028 Divinum

660 2059 960 2137 Verum3
1008 2079 1089 2122 ac
1134 2079 1255 2140 per
1288 2067 1574 2121 “ursum
1592 2059 1624 2084 ”
1648 2058 2071 2141 significatur
2106 2060 2424 2140 potentia
2460 2058 2689 2122 Divini
2723 2057 2890 2121 Veri

662 2152 1015 2226 naturaliS,
1061 2154 1236 2215 etin
1295 2154 1619 2233 opposito
1679 2173 1881 2216 sensu
1933 2155 2248 2233 potentia
2303 2153 2458 2216 falsi
2515 2162 2762 2216 contra
2823 2151 2888 2214 id

658 2265 936 2323 verum3
983 2266 1105 2327 per
1144 2247 1536 2327 “pecudem
1555 2245 1587 2270 ”
1630 2254 1864 2308 autem
1902 2246 1988 2309 de
2031 2261 2265 2327 grege,
2292 2245 2768 2327 significantur
2795 2244 2892 2308 illi

660 2340 772 2421 qui
815 2339 904 2402 ab
948 2339 1241 2402 ecclesia
1286 2337 1565 2401 Domini
1596 2348 1802 2415 sunt;
1848 2347 1919 2400 et
1957 2341 2112 2420 quia
2159 2340 2330 2401 haec
2368 2349 2892 2420 repraesentata

661 2441 844 2506 sunt,
878 2433 1035 2494 ideo
1071 2432 1237 2494 data
1280 2441 1388 2494 est
1428 2430 1677 2494 Davidi
1723 2433 2038 2512 potentia
2073 2433 2500 2512 percutiendi
2542 2453 2776 2496 ursum
2819 2444 2890 2498 et

662 2525 957 2598 leonem,
976 2535 1051 2588 ut
1072 2545 1193 2607 per
1212 2525 1279 2588 id
1304 2535 1942 2606 repraesentaretur
1961 2535 2032 2588 et
2057 2525 2556 2606 significaretur
2576 2529 2891 2607 potentia

664 2617 941 2680 Domini
974 2618 1249 2680 tutandi
1280 2637 1438 2680 suos
1464 2619 1531 2679 in
1556 2617 1850 2680 ecclesia
1881 2637 2002 2699 per
2029 2617 2350 2681 Divinum
2387 2637 2582 2680 suum
2605 2618 2890 2693 Verum,

662 2733 702 2776 a
732 2713 917 2776 falsis
951 2714 1109 2776 mali
1140 2733 1314 2795 quae
1346 2712 1433 2776 ab
1457 2713 1738 2776 inferno,
1829 2713 2032 2794 Quod
2061 2712 2283 2777 David
2307 2715 2893 2796 “apprehenderit

662 2807 941 2870 barbam
970 2807 1161 2880 ursi,”
1184 2806 1469 2871 involvit
1496 2825 1840 2881 arcanum,
1868 2807 2048 2888 quod
2075 2807 2343 2888 quidem
2371 2809 2606 2888 aperiri
2635 2819 2891 2889 potest,

662 2901 783 2964 sed
820 2903 935 2963 vix
976 2901 1499 2982 comprehendi:
1552 2900 1864 2963 “barba”
1896 2899 2234 2982 significat
2277 2901 2590 2964 Divinum
2633 2901 2892 2965 Verum

662 2997 729 3058 in
763 2995 1037 3068 ultimiS,
1072 2995 1139 3056 in
1178 3015 1310 3076 quo
1346 2996 1492 3076 ipsa
1524 2995 1838 3076 potentia
1873 2993 2013 3074 ejus
2049 2996 2402 3071 consistit;
2450 2995 2628 3075 quod
2661 3015 2894 3058 verum

662 3089 869 3151 etiam
917 3088 1075 3151 mali
1121 3090 1232 3170 qui
1284 3089 1351 3150 in
1404 3087 1587 3150 salsis
1635 3097 1792 3151 sunt
1840 3107 1957 3150 ore
2000 3088 2273 3170 quidem
2317 3089 2559 3163 serunt,
2607 3090 2732 3150 sed
2779 3089 2895 3150 illo

663 3182 1031 3246 abutuntur
1055 3183 1141 3246 ad
1173 3183 1660 3246 destruendum
1685 3203 1700 3258 ;
1740 3202 1873 3263 quo
1899 3191 2131 3244 tamen
2157 3182 2414 3255 ablato,
2443 3202 2579 3245 non
2605 3184 2896 3264 amplius

664 3276 795 3339 illis
842 3276 1063 3359 aliqua
1110 3277 1423 3359 potentia
1470 3285 1614 3352 est3
1677 3296 1883 3358 quare
1929 3296 2156 3339 ursum
2204 3276 2453 3339 occidit
2499 3286 2570 3338 et
2625 3276 2896 3340 leonem

664 3372 993 3452 percussit
1018 3391 1034 3449 ;
1082 3371 1199 3433 sed
1227 3372 1313 3434 de
1338 3371 1465 3434 hac
1498 3391 1569 3434 re
1594 3370 1752 3433 alibi
1785 3370 1994 3452 plura.
2067 3369 2190 3432 Per
2215 3369 2609 3434 Goliathum
2637 3383 2892 3442 autem.

662 3465 775 3548 qui
838 3475 985 3528 erat
1052 3465 1529 3540 Philisthaeus,
1599 3475 1670 3527 et
1738 3465 1894 3527 inde
1959 3475 2244 3527 vocatur
2312 3463 2898 3546 “praeputiatus,'’

665 3557 1131 3640 significantur
1174 3558 1270 3621 illi
1316 3559 1426 3640 qui
1478 3560 1545 3622 in
1592 3559 1769 3622 veris
1815 3558 2069 3640 absque
2124 3559 2306 3621 bono
2358 3567 2557 3633 sunt;
2617 3567 2690 3621 et
2739 3579 2898 3622 vera

664 3651 919 3734 absque
965 3653 1169 3726 bon0,
1210 3662 1367 3714 sunt
1406 3672 1565 3714 vera
1608 3649 1986 3724 falsificata,
2027 3669 2200 3733 quae
2247 3653 2311 3712 in
2359 3671 2432 3713 se
2477 3649 2647 3713 salsa
2692 3664 2894 3714 sunt:

668 3751 709 3780 ‘⁴
728 3749 1191 3829 praeputiatus
1207 3746 1238 3771 '’
1260 3744 1595 3827 significat
1617 3745 1770 3810 illos
1790 3747 1900 3828 qui
1927 3747 1991 3808 in
2016 3747 2272 3827 spurcis
2292 3745 2630 3807 amoribus
2652 3765 2897 3828 corpo-

664 3840 793 3902 reis
818 3851 998 3913 sunt,
1024 3860 1179 3902 nam
1202 3841 1625 3922 praeputium
1648 3838 1780 3902 illis
1806 3839 2146 3902 amoribus
2165 3839 2653 3920 correspondet
2683 3859 2700 3917 3
2741 3839 2898 3902 inde

666 3943 859 4016 patet
882 3933 1039 4016 quid
1064 3931 1343 3996 victoria
1372 3933 1650 3996 Davidis
1675 3953 1872 4014 super
1893 3931 2289 3996 Goliathum
2315 3933 2896 4014 repraesentabat.

668 4027 783 4090 Ex
821 4027 926 4090 his
964 4038 1281 4090 constare
1319 4037 1574 4110 potest,
1603 4028 1781 4090 unde
1819 4035 1947 4104 est,

768 4179 925 4244 Quod
952 4179 1126 4230 David
1149 4195 1183 4229 a
1200 4178 1505 4242 Chuschajo
1524 4189 1862 4242 comparetur
1881 4193 2010 4228 urso
2028 4180 2217 4228 orbato
2235 4177 2292 4228 in
2309 4191 2441 4242 agro
2460 4175 2510 4240 (ο
2533 4177 2671 4229 San.
2691 4177 2816 4228 xvii.
2837 4177 2898 4238 8).

755 4329 893 4415 [ὦ]
956 4330 1166 4412 Apud
1202 4329 1571 4405 Danielem,

768 4473 951 4528 Bestia
972 4475 1139 4524 altera
1155 4473 1451 4523 ascendens
1468 4489 1501 4522 c
1524 4473 1674 4532 mari,
1695 4475 1725 4497 ‘⁸
1737 4473 1925 4524 similis
1941 4487 2082 4532 urso,
2103 4480 2157 4523 et
2178 4473 2246 4523 ad
2266 4472 2406 4522 latus
2423 4469 2542 4534 ejus
2561 4473 2730 4522 erexit
2753 4486 2828 4528 se.
2847 4479 2900 4520 et

929 4549 1037 4589 tres
1071 4549 1253 4588 costae
1292 4541 1347 4588 in
1388 4553 1481 4588 ore
1520 4539 1638 4602 ejus
1673 4539 1814 4589 inter
1845 4539 2034 4588 dentes
2067 4539 2219 4600 cjus;
2265 4539 2506 4600 insuper.
2526 4575 2540 4587 .
2562 4539 2806 4588 dicentes
2833 4537 2896 4593 ei.

928 4605 1111 4667 Surge,
1135 4604 1353 4654 comede
1378 4619 1591 4654 carnem
1616 4606 1840 4653 multam
1858 4603 1888 4622 ’⁹
1911 4603 2019 4666 (vii.
2047 4605 2124 4665 5):
