3259 5384
2802 573 2809 582 “
2856 577 2887 608 Χ

635 633 801 700 2052
1253 629 1753 683 APOCALYPSIS
1798 631 2248 684 EXPLICATA.

639 801 796 882 quia
851 799 1179 864 Dominus
1227 799 1294 863 in
1347 799 1479 864 illis
1531 801 1709 882 apud
1764 799 2131 876 hominem,
2178 811 2251 866 et
2295 800 2389 864 sic
2435 821 2523 865 ex
2569 799 2700 864 illis
2746 820 2868 882 pro

631 894 927 969 homine,
985 903 1246 975 pugnat
1299 905 1539 958 contra
1597 895 1875 970 inferna,
1931 914 2104 978 quae
2159 895 2225 959 in
2286 913 2487 958 sensu
2540 894 2867 977 spirituali

633 997 790 1051 sunt
825 988 1080 1062 hosteS,
1115 988 1269 1051 ideo
1299 989 1562 1064 dicitur,
1595 989 1807 1072 “quia
1836 988 2142 1070 jehovah
2190 987 2377 1052 Deus
2414 999 2663 1063 tecum,
2698 999 2768 1052 et
2812 989 2867 1052 it

631 1093 859 1144 tecum
904 1082 991 1145 ad
1038 1082 1480 1163 pugnandum
1527 1102 1650 1163 pro
1692 1082 1883 1146 vobis
1929 1102 2085 1146 cum
2130 1083 2442 1147 hostibus
2487 1085 2752 1158 vestris,
2792 1095 2866 1148 ut

631 1184 855 1239 servet
887 1174 1064 1238 vos.”
1153 1174 1245 1237 Hi
1277 1174 1412 1238 bini
1444 1195 1704 1250 sensus,
1741 1194 1987 1258 nempe
2019 1176 2345 1240 naturalis
2376 1187 2447 1241 et
2479 1177 2861 1258 spiritualis.

632 1287 838 1330 unum
874 1268 1124 1350 faciunt
1163 1287 1281 1349 per
1317 1270 1973 1350 correspondentiam,
2013 1289 2186 1352 quae
2222 1280 2381 1332 sunt
2426 1272 2605 1334 inter
2639 1273 2865 1334 omnia

632 1363 863 1425 mundi
895 1373 965 1425 et
991 1364 1216 1426 omnia
1238 1362 1407 1426 caeli
1433 1383 1449 1440 ;
1497 1363 1653 1425 inde
1680 1372 1785 1426 est
1810 1360 2195 1446 conjunctio
2217 1362 2387 1426 caeli
2412 1378 2566 1427 cum
2592 1363 2862 1427 homine

631 1454 1100 1534 perverbum.
1169 1455 1426 1518 Verum
1459 1454 1825 1536 spiritualis
1856 1477 2113 1532 sensus,
2140 1457 2253 1540 qui
2287 1455 2459 1521 latet
2490 1457 2557 1519 in
2590 1457 2861 1520 histori-

630 1549 726 1612 cis
746 1547 980 1622 Verbi,
1002 1550 1269 1630 aegrius
1295 1560 1523 1630 potest
1543 1549 1753 1613 videri
1776 1569 1980 1632 quam
2004 1552 2113 1634 qui
2141 1550 2311 1614 latet
2336 1552 2403 1613 in
2428 1551 2859 1632 propheticiS,

630 1662 720 1704 ex
775 1662 997 1718 causa,
1048 1645 1204 1726 quia
1254 1644 1574 1708 historica
1623 1654 1864 1707 tenent
1912 1655 2214 1708 mentem
2269 1645 2334 1707 in
2390 1665 2462 1706 se
2510 1642 2741 1720 fixam,
2791 1655 2861 1709 et

631 1737 788 1806 inde
819 1737 1165 1801 abducunt
1201 1737 1289 1800 ad
1333 1738 1777 1819 cogitandum
1808 1737 1989 1800 aliud
2022 1757 2221 1821 quam
2254 1739 2433 1820 quod
2468 1749 2751 1821 apparet
2796 1741 2860 1802 in

633 1830 860 1894 littera
885 1852 900 1908 ;
933 1841 1006 1894 at
1031 1851 1242 1913 usque
1269 1833 1496 1894 omnia
1520 1833 1841 1895 historica
1867 1830 2076 1894 Verbi
2100 1843 2258 1895 sunt
2282 1833 2860 1913 repraesentativa

631 1923 1049 2001 caelestium,
1075 1945 1156 1988 ac
1181 1926 1388 1988 verba
1410 1925 1877 2006 significativa.
1969 1923 2170 2006 Quod
2204 1945 2440 1989 omnes
2470 1926 2565 1989 illi
2601 1946 2859 2009 pugna·-

632 2021 762 2084 turi
794 2021 928 2084 sint
960 2023 1072 2102 qui
1117 2022 1184 2082 in
1215 2021 1390 2082 veris
1422 2017 1771 2082 doetrinae
1802 2030 2017 2094 erant,
2053 2029 2123 2083 et
2170 2020 2325 2083 inde
2360 2017 2517 2084 facti
2554 2020 2861 2084 homines

631 2113 982 2189 ecclesiae,
1015 2123 1086 2177 et
1119 2132 1254 2177 non
1287 2112 1379 2176 illi
1411 2115 1522 2195 qui
1553 2114 1855 2176 nondum
1889 2109 2064 2189 sacti,
2100 2113 2517 2194 significatur
2546 2133 2667 2196 per
2696 2114 2861 2178 haec

629 2226 802 2288 quae
833 2217 1206 2290 sequuntur
1235 2209 1302 2270 in
1332 2227 1418 2270 eo
1449 2208 1695 2289 capite,

732 2353 1085 2418 “Loquentur
1107 2355 1230 2404 dein
1258 2355 1624 2404 moderatores
1648 2355 1717 2404 ad
1744 2353 2015 2432 populum,
2041 2354 2284 2415 dicendo,
2310 2353 2443 2420 Quis
2466 2355 2551 2405 vir
2574 2355 2661 2418 qui
2686 2355 2865 2405 aedifi·

891 2421 1032 2469 cavit
1074 2421 1291 2468 domurn
1335 2433 1550 2474 novam.
1587 2434 1685 2468 nec
1726 2419 1957 2469 initiavit
1995 2420 2152 2470 eam?
2199 2421 2354 2468 abeat
2386 2429 2443 2469 et
2476 2429 2777 2469 revertatur
2806 2422 2863 2468 in

891 2486 1112 2534 domum
1141 2499 1310 2544 suam,
1343 2499 1410 2534 ne
1445 2483 1582 2533 forte
1617 2486 1877 2534 moriatur
1901 2485 1957 2533 in
1988 2485 2144 2543 bello,
2172 2494 2228 2535 et
2252 2486 2338 2534 vir
2362 2485 2499 2534 alius
2527 2485 2702 2535 initiet
2728 2499 2862 2535 eam.

895 2551 1006 2600 Aut
1033 2551 1150 2613 quis
1179 2551 1260 2598 vir
1287 2551 1376 2612 qui
1405 2549 1667 2612 plantavit
1694 2551 1925 2608 vineam,
1953 2560 2008 2599 et
2036 2565 2145 2600 non
2182 2551 2403 2613 perfecit
2430 2559 2485 2599 et
2512 2550 2864 2600 vindemiavit

894 2617 1052 2665 eam?
1089 2617 1246 2664 abeat
1279 2625 1334 2663 et
1368 2624 1666 2663 revertatur
1694 2615 1748 2663 in
1783 2615 2004 2664 domum
2040 2629 2208 2673 suam,
2239 2629 2307 2664 ne
2340 2615 2479 2664 forte
2514 2615 2774 2664 moriatur
2806 2615 2861 2664 in

895 2680 1053 2738 bello,
1087 2689 1142 2730 et
1175 2681 1257 2728 vir
1289 2681 1426 2729 alius
1472 2679 1709 2742 perficiat
1742 2690 1796 2729 et
1830 2680 2123 2729 vindemiet
2156 2694 2293 2729 eam.
2360 2680 2471 2729 Aut
2504 2681 2624 2744 quis
2658 2681 2742 2728 vir
2774 2681 2863 2743 qui

893 2746 1240 2807 desponsavit
1257 2759 1496 2804 uxorem,
1517 2759 1615 2794 nec
1632 2745 1784 2794 duxit
1808 2747 1961 2795 eam?
1992 2747 2150 2794 abeat
2171 2756 2225 2793 et
2248 2755 2543 2795 revertatur
2566 2745 2623 2796 in
2640 2746 2863 2794 domum

891 2825 1059 2869 suam,
1086 2824 1154 2860 ne
1184 2811 1321 2859 forte
1351 2810 1609 2858 moriatur
1635 2811 1691 2858 in
1720 2810 1876 2868 belle,
1901 2818 1956 2858 et
1982 2810 2063 2858 vir
2088 2810 2223 2858 alius
2252 2810 2411 2859 ducat
2436 2824 2571 2860 earn.
2606 2848 2617 2859 .
2638 2846 2651 2859 .
2670 2847 2685 2860 .
2705 2811 2863 2874 .Quis

893 2876 974 2924 vir
1001 2875 1218 2924 timidus
1246 2885 1300 2924 et
1327 2875 1506 2924 mollis
1534 2876 1729 2925 corde?
1760 2877 1916 2924 abeat
1951 2884 2006 2923 et
2038 2885 2333 2924 revertatur
2360 2875 2578 2924 domum
2608 2889 2779 2934 suam,
2808 2887 2863 2924 et

892 2955 1003 2989 non
1045 2940 1348 3004 liquefaciat
1385 2954 1478 2988 cor
1512 2940 1735 2990 fratrum
1776 2953 2011 2998 suorum,
2045 2941 2181 2989 sicut
2218 2953 2314 2988 cor
2344 2939 2490 3002 ejus'
2494 2939 2753 3001 ’(Deutr.
2775 2955 2861 2990 xx.

893 3005 1038 3068 5-8)=

630 3160 813 3243 quod
852 3159 947 3224 illi
983 3161 1151 3243 “qui
1181 3181 1394 3225 novas
1425 3160 1667 3223 domos
1699 3157 2244 3236 aedificaverunt,
2278 3169 2347 3222 et
2382 3158 2681 3224 nondum
2713 3157 2861 3220 illas

631 3255 1123 3331 initiaverunt‚’'
1153 3266 1224 3319 et
1265 3255 1435 3336 “qui
1472 3254 1952 3336 plantaverunt
1984 3255 2235 3330 vineas»,
2270 3264 2340 3316 et
2374 3253 2673 3316 nondum
2711 3253 2861 3316 illas

631 3346 1274 3424 vindemiaverunt‚”
1311 3360 1382 3412 et
1423 3353 1464 3381 ‘⁴
1485 3350 1595 3431 qui
1633 3349 2216 3429 desponsaverunt
2260 3367 2529 3422 uxoreS‚
2570 3356 2641 3409 et
2690 3365 2858 3408 non·—

631 3442 792 3506 dum
846 3465 960 3505 eas
1004 3441 1408 3517 duxerunt‚”
1453 3452 1882 3505 remanerent
1936 3441 2141 3516 domi,
2191 3461 2276 3505 ne
2329 3451 2753 3505 morerentur
2793 3443 2858 3503 in

632 3537 835 3612 bello,
878 3546 946 3600 et
985 3537 1104 3600 viri
1141 3536 1252 3600 alii
1289 3537 1629 3599 initiarent
1668 3537 1929 3612 domos,
1969 3537 2461 3598 vindemiarent
2497 3536 2751 3608 vineas.
2788 3546 2858 3600 et

631 3631 958 3694 ducerent
997 3649 1268 3705 uxores,
1310 3631 1708 3693 mandatum
1746 3639 1815 3693 et
1858 3631 2192 3692 sancitum
2230 3629 2350 3693 suit
2396 3650 2484 3692 ex
2532 3631 2749 3692 causis
2793 3632 2857 3692 in

629 3725 959 3806 spirituali
997 3725 1271 3800 mundo,
1314 3743 1480 3806 quas
1525 3743 1729 3786 nerno
1766 3724 1993 3787 videre
2037 3733 2270 3807 potest
2315 3725 2439 3787 nisi
2483 3723 2654 3787 sciat
2700 3723 2857 3807 quid

629 3817 1048 3900 significatur
1100 3837 1219 3898 per
1269 3815 1685 3880 “aedificare
1730 3818 2065 3893 domum,”
2114 3816 2487 3900 “plantare
2533 3816 2841 3891 vineam,’

629 3923 700 3976 et
751 3912 1057 3974 “ducere
1103 3911 1448 3986 uxorem,”
1493 3921 1639 3974 tum
1689 3911 1849 3994 quid
1894 3911 2310 4022 significatur
2355 3931 2473 3993 per
2522 3912 2747 3975 “mori
2790 3912 2855 3973 in

629 4004 890 4069 bello:”
965 4025 1083 4086 per
1147 4004 1555 4068 ‘aedificare
1619 4003 1951 4069 domum”
2006 3979 2421 4086 significatur
2484 4006 2855 4068 instaurare

630 4098 1014 4175 ecclesiam,
1063 4119 1182 4180 per
1221 4099 1592 4180 “plantare
1638 4097 1952 4162 vineam”
1988 4099 2313 4174 similiter,
2352 4098 2472 4161 sed
2519 4118 2639 4180 per
2678 4099 2855 4162 “do-

628 4212 814 4257 mum
829 4193 860 4217 ’⁹
891 4191 1304 4274 significatur
1335 4192 1622 4256 ecclesia
1659 4193 1881 4275 quoad
1914 4191 2189 4266 bonum,
2223 4202 2293 4256 et
2332 4211 2451 4273 per
2482 4196 2523 4224 ‘⁴
2544 4191 2855 4255 vineam”

627 4287 918 4352 ecclesia
955 4283 1182 4370 ⁴quoad
1229 4306 1482 4362 verum,
1532 4305 1690 4350 nam
1745 4297 2101 4368 utrumque
2153 4297 2295 4349 tam
2350 4287 2605 4350 bonum
2656 4305 2854 4370 quam

628 4401 862 4445 verum
908 4381 1446 4462 implantandum
1493 4391 1600 4444 est
1648 4381 1925 4455 homini,
1976 4389 2051 4444 ut
2102 4381 2169 4442 in
2222 4379 2342 4443 illo
2392 4381 2482 4442 sit
2526 4381 2853 4452 ecclesia:

627 4473 1011 4556 conjunctio
1059 4476 1425 4557 utriusque,
1471 4493 1715 4556 nempe
1762 4474 1917 4538 boni
1964 4483 2037 4538 et
2080 4475 2240 4549 veri,
2280 4471 2699 4554 significatur
2740 4495 2857 4557 per

629 4570 1098 4653 “desponsare
1144 4568 1268 4633 sibi
1316 4588 1604 4633 uxorem
1650 4578 1723 4632 et
1768 4569 2013 4634 ducere
2058 4567 2246 4632 illam
2268 4568 2322 4648 ;”
2374 4577 2447 4632 et
2492 4587 2615 4652 per
2656 4569 2857 4634 “bel-
