3259 5384
603 651 784 737 1926-
1215 663 1718 718 APOCALYPSIS
1762 665 2215 718 EXPLICATA.

588 835 658 898 in
702 834 834 899 fide
881 834 1252 912 charitatis,
1286 845 1563 900 constat
1608 857 1699 901 ex
1746 857 1850 913 eo,
1889 838 2074 920 quod
2116 835 2397 900 “fines”-
2421 837 2555 901 sint
2594 837 2834 903 ultima

589 929 761 992 caeli
803 939 875 993 et
921 929 1268 994 ecclesiae.
1357 929 1471 994 Ex
1518 930 1622 993 his
1669 941 1863 1012 patet
1909 933 2092 1015 quod
2134 931 2430 1014 “signa”
2466 933 2573 996 hic
2621 935 2830 1016 signi-

587 1021 793 1087 ficent
854 1023 1368 1088 testificationes
1427 1025 1513 1088 de
1572 1025 1820 1091 Divina
1872 1025 2149 1090 Domini
2201 1027 2532 1109 potentia.
2618 1027 2829 1110 Apud

585 1117 981 1194 Jeremiam,

686 1252 716 1276 ⁸¹
731 1250 854 1302 Hoc
878 1251 1031 1301 vobis
1049 1251 1281 1315 signum,
1298 1254 1439 1316 quod
1461 1253 1777 1304 visitaturus
1804 1252 1921 1316 Ego
1940 1269 2104 1318 super
2126 1268 2227 1304 vos
2252 1255 2307 1304 in
2332 1253 2453 1304 loeo
2476 1255 2595 1315 hoc,
2616 1265 2674 1305 ut
2696 1257 2833 1306 seia·

848 1317 917 1366 tis
957 1319 1101 1382 quod
1143 1319 1444 1370 consistent
1478 1321 1647 1369 verba
1680 1334 1803 1370 mea
1843 1334 2009 1383 super
2041 1321 2197 1370 vobis
2238 1321 2295 1370 in
2336 1321 2536 1370 molum
2556 1336 2595 1380 ;.
2616 1359 2629 1372 .
2648 1359 2662 1372 .
2681 1337 2829 1373 ‚ecce

851 1381 966 1446 Ego
1000 1385 1137 1432 dans
1167 1398 1347 1446 regem
1385 1385 1618 1448 Aegypti
1656 1385 1710 1434 in
1748 1399 1968 1435 manum
1998 1386 2232 1436 hostium
2261 1386 2396 1450 ejus,
2425 1397 2481 1436 et
2514 1387 2569 1436 in
2606 1402 2829 1438 manum

846 1450 1217 1512 quaerentium
1241 1449 1480 1499 animam
1505 1449 1624 1514 ejus
1640 1449 1669 1471 ’⁹
1692 1451 1838 1512 (xliV.
1862 1463 1943 1514 29,
1970 1451 2085 1514 3o):

583 1592 808 1673 agitur
852 1592 941 1654 ibi
986 1593 1073 1656 de
1118 1591 1249 1655 illis
1291 1593 1382 1656 ab
1424 1592 1715 1658 ecclesia
1750 1595 1862 1676 qui
1907 1593 2251 1660 naturales
2290 1591 2449 1658 fasti
2494 1605 2674 1671 sunt,
2714 1597 2829 1679 qui

581 1687 1056 1768 intelliguntur
1093 1707 1212 1769 per
1246 1707 1365 1751 eos
1401 1688 1569 1770 “qui
1609 1689 2021 1770 peregrinati
2057 1699 2216 1752 sunt
2253 1690 2321 1751 in
2360 1688 2714 1771 Aegypto,
2755 1702 2826 1753 et

581 1781 738 1844 inde
771 1782 1114 1845 redierunt
1140 1781 1192 1860 ;”
1236 1782 1418 1864 quod
1450 1781 1544 1845 illi
1577 1781 1971 1846 destruendi
2004 1784 2137 1846 sint
2169 1802 2290 1865 per
2321 1782 2501 1846 mala
2532 1792 2603 1847 et
2635 1783 2822 1858 salsa,

581 1876 985 1957 intelligitur
1009 1895 1129 1958 per
1158 1877 1340 1959 quod
1369 1883 1408 1910 “
1429 1876 1713 1940 daturus
1738 1877 1825 1940 sit
1849 1897 2083 1959 regem
2111 1878 2420 1959 Aegypti
2454 1879 2519 1940 in
2547 1897 2823 1941 manum

581 1970 880 2034 hostium
939 1971 1100 2052 ejuS,
1157 1982 1227 2035 et
1288 1973 1354 2034 in
1411 1990 1685 2034 manum
1738 1973 2208 2053 quaerentium
2260 1973 2557 2035 animam
2607 1971 2752 2053 ejus
2774 1973 2825 2035 :’'

585 2065 924 2128 “hostes”
967 2065 1058 2128 ibi
1103 2075 1262 2130 sunt
1307 2067 1420 2149 qui
1474 2066 1539 2127 in
1586 2064 1805 2140 maliS,
1854 2075 1925 2130 et
1975 2071 2439 2148 “quaerentes
2483 2068 2777 2130 animam
2794 2066 2827 2091 '’

579 2157 693 2238 qui
737 2157 805 2218 in
835 2156 1047 2236 falsis,
1085 2157 1184 2221 ita
1228 2156 1581 2220 abstracte
1627 2156 1811 2220 mala
1848 2167 1919 2220 et
1966 2156 2185 2236 salsa;
2232 2169 2827 2234 (qu0d··Aegypnu”sit

579 2246 1670 2327 naturalishomo,videatursupra,n.654:)
1727 2246 1859 2310 hoc
1917 2248 2169 2310 dicitur
2221 2247 2615 2329 “Signum,”
2664 2250 2823 2331 quia

579 2347 686 2402 est
719 2338 1109 2402 testificatio
1140 2338 1322 2422 quod
1360 2341 1458 2402 ita
1493 2337 1651 2417 fiet3
1698 2359 1903 2421 quare
1935 2341 2144 2402 etiam
2176 2339 2441 2414 dicitur,
2480 2346 2613 2405 “ut
2649 2343 2821 2405 scia-

581 2433 669 2495 tis
719 2433 903 2515 quod
958 2435 1342 2498 consistent
1395 2433 1604 2498 verba
1664 2453 1816 2498 mea
1875 2453 2075 2516 super
2133 2434 2327 2498 vobis
2383 2435 2451 2496 in
2515 2434 2822 2498 malum.”

580 2526 783 2609 Quod
821 2529 1088 2610 signum
1126 2531 1214 2592 sit
1261 2528 1654 2593 testificatio
1697 2528 1785 2593 de
1831 2529 2259 2605 certitudine,
2300 2539 2576 2594 constat
2612 2529 2821 2592 etiam

578 2643 670 2686 ex
708 2623 1147 2706 sequentibus
1186 2623 1354 2687 locis
1378 2623 1695 2706 :—Apud
1731 2623 2040 2699 Esaiam,

676 2767 871 2819 “Dixit
901 2766 1138 2828 Hiskias,
1167 2769 1451 2832 Quodnam
1481 2767 1715 2831 signum,
1743 2767 1887 2832 quod
1912 2780 2235 2818 ascensurus
2260 2767 2364 2816 sim
2399 2767 2457 2816 in
2482 2765 2703 2816 domum
2730 2765 2817 2832 Je-

837 2835 1010 2884 hovae
1025 2834 1077 2886 Υ·
1101 2834 1338 2896 (xxxviii.
1365 2846 1427 2884 22
1449 2833 1484 2897 ς)

575 2949 643 3013 in
679 2947 886 3013 Libro
920 2949 1262 3025 Judicum,

685 3063 932 3114 Guideon
960 3063 1096 3114 dixit
1122 3065 1190 3114 ad
1219 3063 1490 3126 Angelum
1519 3062 1774 3129 jehovae,
1804 3062 2033 3126 “Facias
2061 3062 2193 3113 mihi
2222 3063 2453 3125 signum,
2482 3061 2625 3126 quod
2654 3071 2711 3111 tu
2740 3063 2815 3110 sis

837 3131 926 3194 qui
953 3131 1186 3194 loquitur
1213 3131 1280 3180 ad
1309 3145 1394 3179 me
1415 3128 1484 3186 ;”.
1506 3166 1519 3179 .
1537 3165 1550 3179 .
1571 3129 1739 3193 .quod
1764 3139 1896 3188 erat,
1920 3144 2042 3179 curn
2068 3131 2356 3191 attingeret
2382 3128 2573 3178 baculo
2598 3142 2815 3176 earnem

840 3206 896 3245 et
921 3211 1127 3258 azyma,
1157 3211 1293 3258 quae
1322 3196 1514 3245 obtulit
1541 3194 1805 3254 Guideon,
1833 3195 1976 3260 quod
2002 3195 2315 3244 ascenderet
2344 3194 2484 3257 ignis
2512 3208 2543 3242 e
2571 3203 2736 3256 petra,
2764 3203 2819 3242 et

835 3261 1143 3312 comederet
1165 3262 1256 3311 illa
1289 3261 1378 3323 (vi.
1409 3272 1482 3322 17,
1509 3261 1622 3323 21);

572 3384 641 3448 in
678 3382 885 3447 Libro
912 3381 1151 3447 Primo
1187 3381 1542 3458 Samuelis,

671 3500 702 3523 ‘⁸
717 3497 840 3548 Hoc
864 3498 960 3547 tibi
987 3496 1220 3560 signum,
1244 3497 1386 3560 quod
1410 3497 1592 3547 veniet
1615 3509 1779 3558 super
1805 3495 1942 3545 duos
1971 3494 2107 3545 filios
2135 3503 2298 3556 tuos„
2317 3531 2331 3545 .
2349 3531 2363 3544 .
2382 3507 2517 3544 ‚uno
2542 3493 2628 3544 die
2656 3493 2815 3544 mori-

834 3574 992 3614 entur
1011 3565 1175 3612 ambo
1188 3561 1216 3581 ’⁸
1241 3563 1311 3624 (ii.
1339 3559 1508 3624 [¹134);

571 3680 640 3744 in
677 3679 921 3743 eodem
959 3677 1190 3752 Libro,

669 3795 700 3818 ⁸·
715 3793 771 3844 Si
793 3793 1026 3843 dixerint
1039 3791 1068 3813 ”
1096 3791 1424 3850 philisthaei,
1445 3792 1475 3816 ‘⁸
1490 3790 1783 3842 Ascendite
1804 3791 1873 3840 ad
1898 3804 2015 3848 noa,
2040 3798 2167 3840 tune
2189 3789 2557 3847 ascendemus,
2576 3787 2701 3852 quia
2722 3788 2813 3837 de-

831 3860 910 3909 dit
925 3857 1169 3922 Jehovah
1193 3858 1314 3907 illos
1338 3858 1393 3906 in
1419 3871 1639 3908 manum
1660 3868 1901 3906 nostram
1924 3871 1937 3916 ;
1972 3857 2073 3906 hoc
2094 3857 2251 3906 nobis
2276 3853 2535 3918 signum”
2560 3855 2687 3916 (xiv.
2716 3857 2810 3914 ιο).

569 3973 831 4040 Similia
868 3994 1082 4056 paene
1120 3972 1586 4056 significantur
1621 3994 1743 4056 per

668 4099 879 4164 “Signa
901 4097 1199 4149 Foederis”
1223 4097 1367 4162 (Gen.
1387 4099 1456 4148 ix.
1485 4109 1576 4159 133
1604 4113 1719 4161 cap.
1744 4097 1869 4148 xvii.
1898 4109 1987 4148 11:
2016 4097 2199 4148 Erech.
2218 4111 2305 4147 xx.
2328 4108 2404 4156 12,
2430 4107 2523 4146 20:
2554 4105 2607 4146 et
2630 4094 2809 4155 nubo:

567 4263 814 4326 nempe
833 4241 1348 4308 testificationes
1367 4242 1454 4305 de
1475 4237 1969 4323 conjunctione.
2030 4238 2578 4304 Testificationes
2598 4238 2807 4302 etiam

565 4337 1029 4420 significantur
1065 4358 1185 4421 per
1219 4336 1529 4419 “signa,”
1560 4357 1733 4419 quae
1764 4345 2219 4418 apparuerunt
2254 4334 2427 4397 sicut
2460 4332 2802 4407 miracula,

564 4431 743 4498 sacta
776 4454 819 4497 a
856 4434 1073 4509 maliS,
1114 4434 1182 4496 in
1219 4432 1661 4516 sequentibus
1697 4430 1865 4496 locis
1888 4428 2205 4513 z—Apud
2240 4427 2547 4504 Esaiam,

671 4577 917 4644 Jehovah
942 4576 1138 4628 “irrita
1161 4577 1333 4628 reddit
1357 4576 1515 4640 signa
1535 4575 1890 4635 mendacium,
1909 4575 2238 4626 divinatores
2264 4573 2487 4624 insanos
2510 4573 2697 4633 reddit,
2722 4587 2803 4622 re-

822 4644 1014 4709 jiciens
1039 4645 1311 4707 sapientes
1337 4653 1492 4705 retro,
1511 4653 1566 4693 et
1589 4643 1869 4694 scientiam
1889 4655 2073 4692 eorum
2092 4642 2311 4692 stultam
2333 4641 2461 4690 facit
2475 4639 2503 4660 ”
2522 4639 2667 4702 (xliv.
2685 4637 2799 4702 25);
