3259 5384
620 625 781 707 1986
1231 637 1731 690 APOCALvPffls
1778 637 2228 689 EXPLICATA.

610 807 1015 890 conjugium,
1079 808 1142 870 in
1213 807 1539 890 spirituali
1606 828 1809 870 sensu
1868 807 2251 890 conjugium
2309 805 2449 870 veri
2505 814 2578 870 et
2642 805 2837 883 boni:

616 899 883 965 “lumbi
899 901 927 926 ”
958 913 1188 964 autem
1224 903 1402 964 “viri
1437 904 1608 965 sicut
1644 901 2010 982 parientis”
2042 900 2423 983 significant
2456 901 2629 963 sicut
2660 912 2840 963 esset

610 993 994 1076 conjugium
1021 996 1226 1058 solius
1249 996 1389 1059 veri
1419 995 1673 1078 absque
1700 995 1882 1058 bono
1910 1015 1925 1056 :
1977 1000 2016 1027 ‘⁴
2035 1015 2400 1057 conversae
2425 1005 2581 1056 sunt
2607 1012 2841 1056 omnes

609 1088 809 1151 facies
862 1090 928 1151 in
985 1089 1359 1169 pallorem”
1403 1089 1739 1171 significat
1794 1089 1974 1171 quod
2030 1089 2194 1152 nihil
2248 1088 2431 1162 boni,
2479 1088 2635 1170 quia
2680 1087 2841 1151 nihil

609 1185 857 1246 amoris
902 1195 972 1246 et
1019 1184 1413 1260 charitatis;
1486 1181 1795 1246 “facies‘’
1842 1181 2175 1264 significat
2230 1180 2619 1245 affthiones
2671 1202 2843 1265 quae

609 1287 767 1339 sunt
814 1278 1060 1340 amoris
1107 1277 1286 1352 boni,
1334 1277 1491 1340 inde
1541 1282 1580 1308 ‘⁴
1606 1276 1824 1358 pallor
1844 1276 1873 1300 ’'
1920 1277 2069 1339 illas
2126 1273 2526 1339 exstinGtaS.
2633 1274 2843 1356 Apud

613 1369 917 1445 Esaiam,

709 1520 739 1542 “
757 1518 969 1581 Impleti
993 1527 1118 1568 sunt
1142 1519 1308 1568 lumbi
1333 1519 1440 1569 mei
1463 1517 1651 1569 dolore
1676 1534 1890 1582 magno,
1910 1520 2127 1570 dolores
2153 1519 2567 1583 apprehendunt
2588 1533 2692 1574 me.
2712 1520 2847 1569 sicut

872 1585 1086 1633 dolores
1110 1584 1454 1648 parturientis
1471 1583 1500 1604 ”
1524 1585 1651 1647 (xxi.
1676 1586 1757 1647 3):

614 1740 781 1804 haec
821 1761 1086 1822 quoque
1124 1737 1304 1802 ditsta
1349 1749 1506 1803 sunt
1553 1740 1638 1803 de
1687 1740 1927 1803 ultimo
1958 1749 2144 1803 statu
2182 1739 2533 1815 ecclesiae,
2573 1740 2848 1823 quando

614 1855 774 1897 vera
805 1845 874 1896 et
912 1833 1090 1896 bona
1127 1833 1266 1915 ejus
1303 1843 1579 1914 propter
1611 1833 1791 1896 mala
1828 1845 1898 1896 et
1937 1833 2102 1897 falsa
2136 1853 2309 1915 quae
2347 1843 2509 1896 tunc
2541 1833 2845 1907 obstant,

615 1947 748 1992 non
783 1929 906 1991 nisi
939 1946 1089 1990 curn
1124 1929 1426 1990 maximo
1451 1927 1702 1991 doloris
1735 1929 1880 1991 nisu
1911 1929 2112 2009 recipi
2148 1937 2469 2009 possunt3
2522 1932 2561 1960 ‘⁴
2582 1927 2848 2001 lumbi,”

612 2021 724 2103 qui
770 2021 1029 2102 impleti
1066 2021 1300 2084 dolore
1339 2021 1676 2094 dicuntur,
1718 2020 2099 2102 significant
2138 2020 2524 2102 conjugium
2571 2020 2729 2083 boni
2776 2029 2847 2083 et

612 2117 772 2188 veri,
833 2135 922 2178 ex
984 2135 1117 2196 quo
1175 2115 1437 2177 caelum
1495 2124 1567 2177 et
1625 2115 1935 2190 ecclesia,
1998 2117 2110 2198 qui
2174 2115 2466 2178 “dolore
2531 2114 2795 2196 impleti
2818 2115 2848 2140 ’⁹

612 2209 944 2283 dicuntur,
993 2208 1266 2290 quando
1311 2228 1544 2271 verum
1590 2227 1745 2270 cum
1795 2208 1977 2272 bono
2025 2228 2161 2271 non
2208 2218 2440 2289 potest
2486 2209 2845 2289 conjungi3

612 2302 727 2365 illa
772 2304 998 2384 itaque
1047 2301 1509 2383 significantur
1563 2321 1680 2383 per
1730 2303 2061 2366 “dolores
2124 2305 2297 2366 sicut
2357 2303 2848 2383 parturientiS,”

613 2397 726 2479 qui
761 2397 1301 2477 apprehendunt.
1391 2395 1596 2476 Quod
1631 2396 1884 2460 “dolor
1922 2398 2093 2460 sicut
2127 2398 2561 2477 parturientis
2578 2395 2609 2420 '⁸
2638 2397 2844 2460 etiam

613 2491 879 2553 dicatur
916 2489 999 2552 de
1040 2489 1170 2552 illis
1201 2491 1310 2572 qui
1345 2500 1621 2571 propter
1659 2490 1824 2553 falsa
1861 2489 2220 2570 conjuntsta
2258 2491 2451 2553 malis
2489 2493 2669 2554 vitae
2709 2511 2843 2553 non

618 2605 778 2647 vera
808 2584 1095 2666 amplius
1127 2586 1422 2666 recipere
1457 2595 1762 2665 possunt,
1790 2605 1960 2667 quae
1992 2596 2224 2648 tamen
2258 2587 2551 2666 recipere
2584 2585 2843 2664 volunt,

617 2696 769 2742 curn
803 2679 1088 2740 exitium
1121 2679 1448 2754 imminet,
1479 2679 1801 2759 imprimis
1832 2681 1896 2741 in
1933 2680 2186 2741 mundo
2219 2678 2545 2760 spirituali
2576 2678 2848 2760 quando

615 2772 928 2835 ultimum
980 2770 1321 2853 judicium,
1379 2772 1499 2834 sed
1559 2773 1740 2854 quod
1799 2772 2176 2836 frustraneo
2234 2783 2485 2835 conatu
2544 2782 2616 2835 et
2676 2773 2843 2846 nisu,

614 2863 1027 2946 significatur
1043 2885 1160 2945 per
1179 2864 1493 2928 “dolores
1515 2867 1948 2947 parturientis
1966 2866 1994 2890 '⁹
2013 2868 2079 2929 in
2103 2866 2538 2948 sequentibus
2559 2866 2725 2930 locis
2746 2886 2849 2929 :—

614 2958 824 3039 Apud
859 2957 1164 3034 Esaiam,

713 3107 744 3129 “
759 3105 985 3168 Ejulate,
1004 3105 1128 3169 quia
1151 3107 1482 3169 propinquus
1502 3114 1585 3156 est
1609 3106 1725 3156 dies
1744 3106 1982 3171 Jehovae
2002 3122 2039 3165 ς.
2060 3145 2071 3157 .
2091 3145 2103 3157 .
2125 3116 2429 3170 ,propterea
2446 3120 2637 3157 omnes
2656 3121 2847 3158 manus

875 3172 1232 3230 remittuntur,
1261 3181 1316 3220 et
1344 3186 1506 3221 omne
1536 3186 1630 3221 cor
1657 3173 1892 3221 hominis
1928 3174 2185 3235 liquescit,
2215 3182 2270 3221 et
2304 3173 2585 3234 perterriti,
2616 3175 2850 3222 tormina

875 3247 928 3286 et
952 3237 1168 3285 dolores
1191 3237 1618 3299 apprehendunt,
1644 3239 1779 3286 sicut
1808 3239 2021 3300 pariens
2048 3239 2361 3301 parturiunt,
2387 3238 2470 3286 vir
2491 3251 2621 3300 erga
2644 3239 2847 3288 socium

876 3316 1032 3350 suum
1056 3298 1458 3364 [¹10bstupescit,
1483 3303 1648 3351 facies
1674 3302 2007 3351 flammarum
2034 3303 2199 3353 facies
2226 3304 2439 3352 illorum
2454 3302 2481 3322 ”
2504 3303 2634 3364 (xiii.
2657 3305 2803 3363 6-8):

619 3465 658 3494 ‘⁴
677 3461 820 3525 dies
842 3459 1199 3542 Jehovae,”
1216 3460 1328 3544 qui
1355 3461 1792 3543 propinquus,
1816 3460 2150 3544 significat
2177 3461 2484 3526 ultimum
2503 3461 2846 3545 judicium,

615 3556 798 3640 quod
843 3577 884 3619 a
931 3556 1226 3619 Domino
1269 3574 1424 3618 cum
1471 3556 1589 3618 fuit
1636 3557 1704 3618 in
1752 3557 2045 3634 mundo;
2109 3566 2325 3620 terror
2370 3557 2635 3621 illorum
2688 3569 2848 3621 tunc

615 3660 892 3731 propter
935 3650 1220 3711 exitium
1267 3649 1646 3724 imminenS,
1694 3649 2112 3731 significatur
2158 3671 2276 3732 per
2322 3651 2504 3733 quod
2554 3657 2849 3720 “omnes

624 3762 861 3806 manus
906 3744 1362 3818 remittantur,
1410 3751 1482 3805 et
1535 3761 1737 3806 omne
1787 3763 1902 3806 cor
1949 3744 2300 3825 liquescat,
2348 3764 2427 3808 ac
2460 3740 2851 3826 1²¹perterriti

615 3839 747 3900 sint
775 3837 826 3915 ;”
861 3837 1040 3919 quod
1073 3837 1318 3899 frustra
1357 3847 1518 3899 tunc
1553 3838 1850 3917 recipere
1885 3839 2145 3918 possint
2178 3859 2337 3901 vera
2368 3848 2439 3901 et
2471 3838 2653 3902 bona
2682 3840 2851 3902 caeli

619 3943 691 3995 et
735 3930 1084 4004 ecclesiae,
1125 3940 1402 4012 propter
1448 3930 1616 3993 falsa
1662 3931 1822 3993 mali
1869 3933 1935 3993 in
1982 3931 2221 4014 quibus
2265 3931 2531 3995 suerunt
2570 3942 2641 3996 et
2686 3943 2849 3996 tunc

619 4033 798 4098 sunt,
823 4022 1238 4105 significatur
1261 4043 1380 4104 per
1403 4029 1443 4055 “
1462 4025 1754 4087 tormina
1780 4035 1849 4087 et
1876 4024 2145 4088 dolores
2166 4025 2703 4107 apprehendunt,
2726 4027 2853 4089 sic·

623 4127 697 4181 ut
735 4117 1000 4198 pariens
1037 4119 1416 4199 parturiunt
1441 4115 1494 4196 ;”
1526 4118 1706 4200 quod
1744 4117 1874 4181 illis
1912 4119 2091 4181 mala
2126 4119 2261 4182 odii
2297 4129 2367 4182 et
2406 4119 2564 4195 irae,
2597 4119 2850 4202 signifi-

619 4222 811 4274 catur
848 4231 964 4292 per
1000 4211 1181 4295 quod
1223 4210 1482 4274 “facies
1519 4211 1937 4275 flammarum
1983 4211 2184 4276 facies
2230 4212 2553 4276 illorum.”
2640 4213 2849 4294 Apud

619 4305 1010 4382 Jeremz'am,

717 4456 747 4479 ‘⁸
763 4453 1032 4506 Habitans
1057 4454 1113 4504 in
1140 4453 1360 4514 Libano,
1379 4455 1562 4505 nidum
1581 4455 1787 4504 habens
1808 4455 1863 4504 in
1882 4455 2069 4515 cedris,
2088 4465 2348 4519 quantum
2365 4455 2571 4518 gratiae
2587 4456 2849 4516 invenies,

880 4536 1001 4570 cum
1031 4521 1277 4570 venerint
1307 4517 1427 4585 [tibi
1455 4517 1712 4584 dolores],
1740 4520 1897 4569 dolor
1923 4521 2057 4570 sicut
2085 4521 2427 4584 parturientis
2448 4534 2461 4547 ·
2472 4558 2616 4572 .....
2626 4521 2768 4572 dabo
2798 4533 2847 4572 te

879 4587 934 4637 in
959 4600 1177 4636 manum
1203 4586 1570 4651 quaerentium
1595 4585 1831 4636 animam
1858 4596 2004 4636 tuam
2023 4586 2051 4606 ’⁹
2076 4587 2222 4649 (xxii.
2247 4582 2353 4652 23[,
2374 4557 2516 4652 251„
