3259 5384
717 675 890 746 2250
1197 711 1204 720 ·
1361 671 1867 730 APOCALYPSIS
1911 671 2369 726 EerICATA.

715 847 962 911 tiatam
991 863 1233 909 vocem
1265 863 1356 908 ex
1387 841 1635 908 fiducia
1662 841 1839 920 fidei,
1864 853 1941 908 ut
1974 842 2161 908 Deus
2190 844 2291 908 sui
2324 844 2722 922 misereatur
2752 861 2948 924 profl-

713 950 820 1004 ter
859 939 1102 1003 Filium
1139 958 1354 1014 suum,
1393 957 1474 1002 ac
1519 957 1640 1020 per
1684 939 2071 1020 passionem
2114 939 2330 1002 crucis
2376 937 2617 1018 Ipsius»,
2657 946 2729 1002 et
2772 937 2949 1020 quod

716 1035 812 1098 sic
857 1035 1302 1115 imputaretur
1347 1031 1442 1097 illi
1489 1031 1803 1096 meritum
1850 1031 2164 1096 Domini:
2225 1033 2319 1096 sic
2366 1032 2703 1116 potuisset
2748 1031 2949 1120 bomo

715 1127 894 1190 male
916 1129 1164 1201 vivere,
1180 1127 1612 1190 committere
1633 1123 1989 1201 adulteria,
2010 1126 2228 1201 furari,
2246 1125 2707 1189 fraudulenter
2726 1145 2947 1206 agere,

718 1221 875 1284 odia
919 1229 990 1286 et
1033 1217 1368 1284 vindictas
1415 1239 1759 1294 exercere,
1800 1218 2212 1295 calumniari,
2252 1229 2324 1284 et
2370 1219 2582 1304 plura,
2623 1220 2778 1302 quia
2821 1239 2951 1282 non

716 1335 837 1397 per
861 1314 1042 1378 bona
1073 1333 1298 1394 opera,
1327 1313 1446 1377 sed
1479 1312 1701 1376 solum
1731 1333 1851 1394 per
1874 1311 2101 1388 fidem,
2123 1334 2297 1396 quae
2320 1333 2594 1395 prorsus
2616 1310 2952 1378 abstracta

715 1417 822 1472 est
859 1409 946 1473 ab
984 1409 1168 1471 omni
1203 1408 1364 1482 vita,
1405 1406 1691 1470 salvari:
1749 1416 1821 1470 et
1863 1417 2094 1471 tamen
2132 1407 2555 1490 blasphemia
2591 1416 2696 1470 est
2734 1407 2952 1471 dicere

717 1503 900 1586 quod
931 1503 1146 1585 possit
1171 1501 1379 1566 homo
1405 1501 1582 1564 male
1608 1500 1855 1576 vivere,
1883 1511 1953 1566 et
1986 1512 2218 1566 tamen
2244 1501 2470 1565 vivere
2495 1522 2585 1564 ex
2622 1490 2949 1564 Domino:

716 1609 866 1662 tum
917 1593 1368 1660 contradictio
1417 1606 1547 1671 est,
1603 1596 1789 1678 quod
1851 1595 2058 1660 homo
2108 1596 2323 1677 fugiet
2374 1595 2578 1670 mala,
2634 1607 2707 1659 et
2759 1595 2952 1660 faciet

721 1693 922 1768 bona,
955 1701 1028 1755 et
1059 1701 1290 1754 tamen
1323 1689 1568 1754 salvari
1602 1708 1696 1753 ex
1734 1689 1885 1755 sola
1912 1689 2045 1754 fide
2076 1691 2392 1772 imputati
2424 1691 2667 1754 meriti.
2754 1689 2949 1753 Meri·

718 1797 865 1850 tum
920 1785 1194 1850 Domini
1245 1793 1374 1863 est,
1433 1784 1613 1867 quod
1670 1805 1761 1848 ex
1816 1785 2086 1868 propria
2138 1785 2448 1866 potentia
2498 1782 2953 1866 subjugaverit

717 1879 994 1954 inferna,
1033 1889 1103 1942 et
1141 1877 1324 1961 quod
1363 1875 1849 1960 glorificaverit
1890 1877 2281 1943 Humanum
2319 1898 2550 1955 suum;
2606 1897 2727 1959 per
2760 1877 2826 1940 id
2868 1875 2953 1940 Se

717 1975 901 2038 misit
946 1975 1011 2036 in
1059 1974 1439 2055 potentiam
1487 1971 1799 2036 salvandi
1844 1991 2083 2038 omnes
2127 1974 2240 2054 qui
2284 1973 2571 2035 credunt
2616 1973 2684 2034 in
2732 1972 2953 2053 Ipsum

717 2078 792 2132 et
822 2067 1072 2132 faciunt
1105 2087 1277 2150 quae
1309 2067 1581 2130 docuit:
1630 2067 1762 2130 hoc
1796 2067 2112 2130 meritum
2145 2085 2280 2130 non
2314 2066 2609 2130 addicari
2640 2076 2711 2129 et
2743 2068 2951 2146 impu·

719 2163 848 2227 tari
881 2161 1082 2225 alicui
1119 2171 1370 2244 potest,
1407 2162 1628 2224 minus
1662 2181 1707 2224 a
1743 2159 1964 2235 Patre,
1998 2161 2154 2242 quia
2191 2171 2297 2224 est
2334 2162 2649 2224 meritum
2690 2159 2954 2224 Domini

719 2256 1082 2337 proprium,
1117 2264 1188 2318 et
1226 2273 1496 2337 quoque
1525 2253 1823 2317 salvatio
1858 2274 1899 2317 a
1940 2254 2257 2330 Domino,
2290 2256 2539 2337 itabper
2570 2255 2949 2324 Dominum.

720 2361 792 2414 et
847 2367 982 2412 non
1037 2359 1314 2430 propter
1369 2348 1763 2412 Dominum.
1874 2348 2130 2424 Verbo,
2188 2367 2325 2412 non
2380 2357 2613 2429 potest
2664 2346 2955 2412 addicari

725 2443 1040 2506 meritum
1082 2443 1382 2518 alterius,
1431 2443 1616 2524 cujus
1664 2461 1801 2505 non
1847 2461 2129 2506 consors
2174 2453 2281 2505 est
2328 2461 2446 2524 per
2490 2461 2679 2506 suam
2724 2443 2951 2513 vitam.

723 2537 1095 2600 secundum
1127 2555 1328 2620 quam
1365 2537 1648 2619 quisque
1684 2536 1795 2600 vel
1832 2547 2296 2600 remuneratur
2331 2536 2441 2600 vel
2480 2539 2795 2618 punitur;
2840 2536 2953 2598 sed

721 2633 864 2695 vita
901 2652 942 2694 a
979 2631 1296 2707 Domino,
1331 2631 1498 2694 haec
1532 2632 1970 2714 consequitur
2000 2651 2089 2693 ex
2128 2633 2373 2694 merito
2406 2631 2640 2712 Ipsius.
2730 2631 2953 2712 Impu-

722 2725 1012 2789 tativum
1044 2727 1253 2788 etiam
1290 2735 1396 2788 est
1429 2736 1671 2788 contra
1699 2727 2069 2789 essentiam
2108 2725 2333 2789 Divini
2369 2723 2667 2800 Amoris,
2707 2727 2817 2807 qui
2854 2731 2954 2787 est

721 2837 890 2900 erga
917 2837 1195 2896 omnes;
1242 2828 1312 2881 at
1345 2820 1681 2900 imputare
1712 2828 1820 2883 est
1852 2839 2081 2883 amare
2112 2838 2339 2896 unum,
2370 2829 2443 2883 et
2480 2839 2617 2881 non
2648 2819 2951 2892 alterum,

724 2913 848 2974 nisi
895 2921 1172 2994 propter
1217 2911 1448 2990 illum;
1509 2923 1582 2976 et
1633 2934 1904 2996 quoque
1956 2923 2065 2977 est
2116 2924 2356 2976 contra
2390 2911 2742 2993 justitiam,
2788 2931 2955 2996 quae

722 3014 852 3080 est,
893 3006 1074 3087 quod
1112 3007 1320 3069 cuivis
1357 3007 1447 3070 sit
1485 3026 1772 3082 merceS,
1811 3023 2144 3091 quantum
2180 3009 2345 3071 vivit
2382 3027 2473 3070 ex
2514 3007 2828 3071 Domino.

855 3099 978 3184 (v.)
1045 3099 1238 3178 Quod
1284 3101 1382 3165 sit
1431 3101 1829 3166 Intercessio
1876 3101 2157 3166 Domini
2198 3101 2390 3184 apud
2428 3101 2728 3177 Patrem,
2776 3099 2954 3164 cadit

723 3195 996 3276 quidem
1027 3195 1095 3257 in
1127 3196 1312 3259 ideas
1345 3196 1696 3259 hominum
1728 3215 2000 3277 prorsus
2030 3195 2455 3277 simplicium,
2486 3198 2601 3278 qui
2630 3196 2717 3259 de
2750 3196 2955 3258 tribus

725 3289 1034 3352 Personis
1071 3289 1464 3354 Divinitatis
1503 3311 1641 3354 non
1678 3291 1877 3355 aliter
1912 3294 2225 3373 cogitant
2260 3310 2465 3373 quam
2502 3292 2673 3355 sicut
2718 3291 2805 3353 de
2840 3289 2953 3352 tri·

725 3384 850 3446 bus
895 3402 1029 3446 una
1073 3383 1526 3447 assidentibus
1579 3393 1653 3448 et
1699 3385 2267 3468 colloquentibus,
2313 3385 2495 3467 quod
2548 3385 2645 3448 ita
2696 3385 2843 3460 erit,
2888 3389 2955 3446 et

723 3477 908 3559 quod
943 3497 1114 3540 unus
1143 3477 1434 3542 alterum
1468 3488 1903 3543 commoveat
1935 3480 2020 3542 ad
2056 3479 2509 3542 miserandum
2542 3488 2821 3560 propter
2849 3476 2951 3551 Se.

724 3571 906 3653 quod
937 3580 1044 3635 est
1077 3573 1537 3637 intercedere:
1586 3582 1661 3636 at
1691 3575 2093 3638 eruditiores
2122 3574 2356 3638 vident
2388 3575 2569 3656 quod
2602 3593 2720 3656 per
2754 3575 2954 3637 inter·

725 3666 1104 3730 cessionem
1135 3666 1560 3749 intelligatur
1589 3677 1923 3749 perpetua
1956 3669 2337 3733 recordatio
2365 3688 2457 3731 ex
2494 3688 2765 3748 amore3
2811 3669 2957 3752 quia

725 3759 968 3823 eadem
999 3761 1296 3825 essentia
1326 3781 1445 3824 seu
1476 3761 1865 3825 substantia
1892 3772 2000 3825 est
2033 3764 2145 3826 uni
2178 3763 2511 3827 Personae
2542 3783 2715 3845 quae
2746 3763 2952 3836 alteri,

726 3872 806 3917 ac
837 3853 1014 3917 idem
1049 3874 1260 3932 amor,
1294 3855 1392 3918 ita
1422 3856 1667 3918 eadem
1700 3857 2173 3932 misericordia,
2200 3877 2373 3940 quae
2406 3875 2540 3920 non
2572 3857 2953 3931 excitanda.

727 3957 844 4012 aut
881 3949 950 4010 in
988 3950 1388 4013 memoriam
1425 3949 1811 4013 revocanda
1848 3969 1967 4034 per
2004 3951 2294 4034 aliquam
2332 3951 2782 4033 rogationem.

860 4040 1008 4124 (vi.)
1075 4041 1268 4120 Quod
1290 4043 1386 4107 sit
1414 4043 1805 4126 Redemptio
1830 4055 1897 4108 et
1926 4045 2233 4109 Salvatio
2261 4045 2509 4128 absque
2534 4047 2773 4111 medii}
2794 4045 2961 4111 υἱέα

725 4145 794 4198 et
815 4135 1010 4220 fidei,
1047 4147 1116 4200 et
1155 4137 1314 4200 inde
1344 4138 1524 4220 quod
1559 4139 1659 4202 sit
1696 4139 2084 4204 immediata
2125 4139 2617 4206 Mkenkordia.
2708 4141 2957 4205 Notum

729 4241 837 4295 est
874 4231 1056 4312 quod
1093 4253 1255 4295 vera
1300 4234 1438 4296 sint
1474 4231 1653 4307 fidei,
1693 4243 1765 4298 et
1810 4235 1992 4317 quod
2038 4235 2219 4298 bona
2260 4237 2398 4298 sint
2433 4237 2638 4312 vitae,
2680 4247 2755 4301 et
2788 4234 2955 4319 quod

729 4326 986 4407 absque
1031 4327 1205 4389 veris
1252 4347 1390 4391 non
1435 4327 1523 4390 sit
1573 4327 1799 4411 aliqua
1843 4327 2009 4393 fides
2032 4351 2049 4408 ;
2104 4331 2277 4394 sicut
2323 4330 2578 4414 absque
2620 4331 2752 4408 his,
2789 4327 2955 4414 quod

731 4419 919 4482 Deus
954 4419 1063 4495 sit,
1103 4419 1286 4503 quod
1334 4421 1669 4486 Dominus
1708 4422 1795 4487 sit
1834 4421 2153 4487 Salvator
2188 4426 2443 4502 mundi,
2482 4425 2665 4509 quod
2704 4425 2954 4490 caelum

729 4523 804 4577 et
839 4513 1167 4577 infernum
1201 4517 1358 4591 sint,
1391 4515 1574 4598 quod
1609 4517 1750 4579 vita
1786 4526 1943 4599 post
1982 4529 2271 4582 mortem
2304 4520 2414 4596 sit,
2447 4521 2629 4602 quod
2663 4519 2953 4585 Verbum

733 4605 1038 4672 sanctum
1071 4611 1178 4684 sit,
1215 4611 1394 4694 quod
1429 4611 1771 4676 credenda
1802 4624 1871 4678 et
1902 4613 2207 4678 facienda
2239 4615 2375 4679 sint
2406 4633 2579 4699 quae
2612 4617 2677 4680 in
2712 4610 2952 4688 Verbo',
