3259 5384
1013 590 1176 642 cu.
1207 589 1387 654 xlv„
1419 591 1628 642 vans.
1668 591 1929 642 ize-u.
1960 579 2107 660 893.
2508 593 2681 660 2⁴²7

445 760 788 838 Domino;
833 781 1042 845 quare
1083 761 1214 824 nisi
1263 769 1685 842 agnoscatur
1726 760 2087 836 Dominus,
2124 769 2199 824 et
2240 761 2425 844 quod
2474 780 2683 824 omne

441 855 700 918 bonum
737 857 826 919 sit
869 856 960 918 ab
997 855 1180 937 Ipso,
1217 875 1358 918 non
1393 855 1642 918 salvari
1678 867 1953 938 potest:
1998 867 2113 918 ast
2146 867 2519 938 antequam
2554 855 2681 918 ali·

441 951 592 1031 quis
637 957 874 1030 potest
925 949 1148 1013 facere
1197 970 1240 1013 a
1295 948 1618 1024 Domine,
1657 949 2000 1012 subiturus
2050 959 2163 1013 est
2215 951 2681 1026 tentationem

443 1061 650 1104 causa
685 1053 792 1106 est
831 1045 988 1125 quia
1022 1064 1144 1125 per
1177 1045 1604 1107 tentationes
1640 1045 1941 1126 aperitur
1972 1044 2317 1107 internum
2360 1043 2682 1116 hominis,

444 1155 566 1218 per
615 1138 796 1219 quod
840 1137 1052 1200 homo
1103 1137 1538 1220 conjungitur
1580 1137 1817 1202 caelo:
1876 1157 2057 1202 nunc
2110 1139 2269 1222 quia
2314 1147 2687 1222 praecepta

442 1229 669 1294 facere
702 1231 960 1313 absque
997 1231 1320 1306 Domino,
1359 1251 1565 1295 nemo
1599 1243 1859 1314 potest,
1896 1233 2055 1295 ideo
2098 1231 2436 1295 Dominus
2478 1233 2683 1306 dixit.

449 1325 742 1389 “Unum
794 1337 1032 1389 tamen
1077 1325 1206 1388 tibi
1237 1327 1477 1403 deest;
1524 1326 1746 1392 vende
1797 1329 2031 1390 omnia
2086 1346 2263 1409 quae
2320 1326 2559 1402 habes,
2610 1339 2687 1390 et

443 1438 728 1500 sequere
767 1419 904 1492 Me,
943 1418 1200 1483 tollens
1236 1439 1506 1483 crucem
1529 1419 1586 1496 ;’'
1627 1419 1761 1482 hoc
1806 1429 1937 1494 est,
1968 1420 2153 1503 quod
2199 1423 2557 1502 agniturus
2590 1421 2685 1486 sit

445 1512 802 1588 Dominus,
829 1525 903 1577 et
933 1515 1279 1577 subiturus
1307 1515 1780 1578 tentationes:
1818 1515 2005 1597 quod
2028 1516 2421 1579 “venderet
2452 1515 2689 1578 omnia

445 1627 621 1688 quae
645 1607 955 1682 haberet,
977 1617 1052 1671 et
1075 1609 1272 1672 daret
1301 1607 1769 1689 pauperibuS,”
1786 1609 1855 1671 in
1880 1609 2213 1689 spirituali
2236 1628 2443 1672 sensu
2472 1609 2685 1690 signi·

445 1699 606 1764 ficat
643 1703 825 1783 quod
861 1722 904 1764 a
937 1723 1013 1765 se
1047 1703 1468 1766 abalienaret
1503 1711 1576 1766 et
1613 1701 1923 1784 rejiceret
1960 1705 2255 1784 propria,
2292 1704 2393 1766 ita
2426 1701 2686 1784 signifi·

448 1804 564 1858 cat
607 1794 852 1858 similia
895 1816 1071 1878 quae
1115 1815 1338 1878 supra,
1370 1797 1553 1878 quod
1598 1796 1978 1878 abnegaret
2023 1817 2099 1860 se
2144 1799 2402 1880 ipsum;
2447 1808 2523 1860 et
2566 1817 2691 1880 per

451 1889 674 1952 “dare
709 1891 1161 1973 pauperibus”
1183 1893 1250 1953 in
1283 1889 1614 1972 spirituali
1651 1911 1856 1954 sensu
1880 1889 2305 1972 significatur
2324 1891 2687 1955 charitatis

447 2003 657 2065 opera
687 1984 928 2048 facere.
1019 1983 1224 2066 Quod
1253 1985 1352 2048 ita
1384 1984 1719 2047 Dominus
1750 1983 2021 2048 locutus
2050 1985 2142 2068 sig
2172 1985 2259 2048 ad
2292 1985 2507 2058 illum,
2532 1995 2683 2049 erat

447 2078 604 2158 quia
633 2077 824 2142 dives
855 2089 1026 2153 erat,
1063 2089 1138 2143 et
1169 2099 1290 2161 per
1313 2078 1695 2142 “divitias''
1724 2079 1795 2142 in
1832 2077 2165 2161 spirituali
2194 2099 2399 2142 sensu
2429 2077 2685 2161 signifi—

445 2181 690 2235 cantur
711 2174 1146 2253 cognitiones
1177 2173 1338 2236 boni
1369 2183 1442 2237 et
1467 2173 1630 2248 veri,
1664 2183 1737 2237 et
1768 2173 1949 2256 apud
1982 2173 2197 2248 illum,
2222 2175 2337 2255 qui
2364 2173 2685 2254 Judaeus,

447 2267 884 2345 cognitiones
913 2267 1076 2330 mali
1103 2276 1179 2330 et
1208 2266 1380 2340 salsi,
1408 2269 1566 2349 quia
1593 2277 1792 2331 erant
1828 2266 2237 2330 traditiones
2262 2289 2279 2344 ;
2326 2267 2486 2330 inde
2516 2285 2687 2330 con·

445 2367 632 2422 stare
677 2369 912 2441 potest
959 2360 1138 2442 quod
1187 2360 1524 2442 Dominus
1583 2381 1704 2443 per
1746 2361 2387 2443 correspondentias
2436 2359 2548 2424 hic
2608 2371 2687 2424 ut

445 2452 604 2516 alibi
639 2452 908 2518 locutus
937 2457 1048 2519 sit.
1129 2455 1586 2518 Tentationes
1618 2457 1831 2519 etiam
1868 2453 2335 2538 significantur
2358 2474 2480 2537 per
2500 2459 2687 2538 “po-

445 2547 676 2611 culum
691 2547 726 2572 ’⁹
761 2549 944 2631 quod
975 2549 1250 2613 bibituri
1290 2560 1490 2628 sunt;

541 2709 706 2775 Jesus
737 2711 876 2760 dixit
907 2711 976 2760 ad
1009 2709 1270 2775 Jacobum
1305 2721 1360 2760 et
1393 2709 1715 2775 Johannem,
1750 2710 1922 2762 “Non
1962 2710 2113 2760 scitis
2146 2711 2274 2774 quid
2312 2711 2527 2774 petitis:
2570 2721 2691 2773 pot-

709 2779 912 2825 estisne
935 2777 1118 2825 bibere
1139 2777 1406 2839 poculum,
1421 2777 1565 2840 quod
1591 2775 1709 2838 Ego
1724 2777 1867 2833 bibo,
1881 2786 1937 2825 et
1956 2777 2239 2838 baptismo,
2254 2791 2361 2838 quo
2520 2777 2691 2839 bapti·

709 2855 818 2898 zor,
829 2842 1086 2904 baptizari
1099 2844 1145 2891 P.
1163 2879 1177 2891 .
1197 2879 1211 2890 .
1223 2841 1500 2898 Dixerunt,
1515 2840 1843 2896 Possumus:
1876 2851 1932 2890 et
1948 2839 2106 2905 Jesus
2128 2841 2263 2890 dixit
2286 2841 2406 2898 illis,
2472 2841 2688 2890 oculum

709 2907 924 2968 quidem
947 2907 1092 2970 quod
1119 2905 1236 2968 Ego
1257 2907 1384 2956 bibo
1407 2906 1616 2964 bibetis,
1638 2917 1693 2955 et
1716 2906 1985 2968 baptismo
2006 2920 2113 2970 quo
2142 2905 2257 2968 Ego
2282 2907 2537 2968 baptizor,
2560 2907 2689 2968 bap—

709 2973 1036 3028 tizabimini:
1079 2973 1266 3020 sedere
1290 2985 1420 3019 vero
1441 2985 1477 3020 a
1498 2971 1701 3020 dextris
1726 2973 1875 3028 meis,
1894 2981 1949 3020 et
1973 2984 2009 3019 a
2034 2972 2265 3020 sinistris
2294 2973 2445 3032 meis.
2469 2985 2581 3020 non
2602 2983 2689 3022 est

707 3051 888 3086 meum
909 3037 1054 3097 dare,
1079 3037 1176 3086 sed
1199 3037 1390 3100 quibus
1414 3046 1659 3099 paratum
1682 3035 1809 3085 αι’·
1832 3036 2021 3097 (Man.
2044 3051 2096 3086 x.
2120 3036 2333 3098 38—4o):

443 3211 565 3275 per
626 3190 914 3254 “bibere
973 3188 1292 3272 poculum
1351 3189 1536 3272 quod
1595 3189 1933 3254 Dominus
1990 3190 2211 3254 bibit''
2266 3189 2687 3272 significatur

443 3284 663 3349 simile
710 3285 893 3366 quod
939 3303 1105 3347 mox
1150 3304 1352 3365 supra
1395 3303 1516 3365 per
1552 3284 1944 3358 “crucem,”
1980 3304 2229 3367 nempe
2274 3285 2495 3348 subire
2531 3293 2687 3348 ten-

443 3382 746 3444 tationes
768 3400 785 3456 ;
822 3389 894 3442 et
921 3398 1041 3461 per
1066 3383 1107 3410 ‘⁸
1124 3378 1542 3459 baptismum
1564 3399 1703 3460 quo
1732 3379 2121 3461 baptizatus
2144 3389 2255 3443 est
2286 3379 2685 3454 Dominus,'·

443 3472 866 3556 significatur
908 3492 1032 3554 per
1067 3473 1494 3536 tentationes
1538 3473 1971 3564 regenerari3
2024 3483 2101 3536 at
2144 3475 2325 3536 inter
2359 3472 2681 3555 poculum

442 3568 625 3650 quod
673 3566 1008 3631 Dominus
1051 3565 1244 3640 bibit,
1293 3575 1366 3629 et
1411 3565 1590 3630 inter
1633 3564 1953 3648 poculum
2013 3566 2197 3649 quod
2254 3567 2351 3630 illi
2408 3566 2683 3630 bibituri

441 3671 625 3736 sunt,
666 3671 774 3725 est
811 3660 1192 3725 differentia
1229 3670 1304 3724 ut
1341 3661 1526 3724 inter
1560 3661 1987 3724 tentationes
2024 3659 2299 3724 Domini
2336 3671 2409 3725 et
2446 3671 2682 3726 tenta·

444 3757 670 3820 tiones
708 3755 1100 3833 hominum3
1147 3755 1574 3819 tentationes
1606 3754 1885 3818 Domini
1914 3753 2182 3818 fuerunt
2214 3757 2679 3836 gravissimae,

443 3860 517 3914 et
577 3861 822 3913 contra
879 3849 1108 3913 omnia
1167 3848 1448 3924 inferna,
1509 3867 1669 3913 nam
1738 3848 2073 3911 Dominus
2130 3851 2361 3912 omnia
2422 3849 2682 3913 inferna

443 3962 563 4025 per
601 3944 1030 4007 tentationes
1067 3944 1134 4006 in
1173 3941 1262 4007 Se
1298 3941 1632 4006 admissas
1670 3940 2095 4024 subjugavit3
2141 3953 2216 4006 at
2252 3943 2680 4007 tentationes

443 4037 796 4102 hominum
841 4047 1000 4102 sunt
1035 4048 1278 4101 contra
1308 4037 1490 4101 mala
1526 4047 1597 4100 et
1643 4036 1814 4100 salsa
1856 4056 2029 4119 quae
2064 4037 2155 4100 ab
2188 4037 2461 4101 infernis
2496 4039 2677 4120 apud

443 4132 602 4206 illos
623 4143 806 4206 sunt,
831 4133 898 4195 in
923 4132 1163 4215 quibus
1191 4133 1522 4195 Dominus
1546 4141 1833 4214 pugnat,
1861 4141 1933 4195 et
1958 4151 2095 4195 non
2121 4130 2331 4196 homo
2362 4133 2486 4196 nisi
2510 4151 2678 4196 con·

442 4236 552 4290 tra
573 4226 837 4310 aliquot
867 4226 1181 4303 dolores;
1227 4226 1465 4289 similis
1496 4236 1602 4289 est
1642 4225 2021 4289 differentia
2052 4227 2231 4289 inter
2258 4226 2677 4308 baptismum

445 4337 580 4399 quo
609 4318 1084 4400 baptizabatur
1121 4319 1476 4393 Dominus,
1510 4329 1582 4384 et
1613 4319 2029 4401 baptismum
2060 4339 2197 4402 quo
2228 4320 2675 4402 baptizabun-

445 4422 554 4476 tur
598 4412 931 4488 homines‚
971 4424 1048 4476 ut
1092 4415 1271 4478 inter
1313 4413 1881 4497 glorificationem
1928 4425 2001 4478 et
2043 4417 2675 4497 regenerationem;

446 4505 776 4572 Dominus
822 4528 943 4592 per
977 4511 1403 4574 tentationes
1435 4508 1855 4592 glorificavit
1902 4509 2297 4574 Humanum
2342 4529 2537 4574 suum
2582 4531 2675 4574 ex
