3259 5384
923 671 1080 724 car.
1113 671 1268 735 xn„
1301 673 1510 726 vens.
1549 673 1769 742 5.-N.
1801 659 2048 746 724[e].
2432 679 2597 730 2001

349 861 472 926 per
508 841 686 907 haec
725 843 797 906 in
837 861 1046 908 sensu
1075 843 1406 925 spirituali
1442 843 1846 908 describitur
1874 844 2263 910 devastatio
2298 848 2603 912 omnium

349 935 710 1002 Ecclesiae
735 937 918 1020 apud
945 921 1292 1002 Israelitas
1317 959 1331 1015 ;
1373 958 1493 1020 per
1517 942 1556 970 “
1573 947 1859 1019 gentem
1885 958 1923 1002 e
1950 938 2329 1022 longinquo
2343 938 2375 965 '⁹
2392 941 2601 1006 intel-

351 1029 584 1114 ligitur
609 1030 856 1094 salsum
889 1029 1072 1104 mali,
1099 1031 1284 1114 quod
1315 1041 1424 1096 est
1455 1031 1699 1094 salsum
1733 1030 2067 1096 sensualis
2098 1032 2415 1110 hominist,
2439 1056 2605 1102 vera

351 1123 716 1188 destruens
741 1146 758 1202 ;
797 1145 918 1207 per
942 1129 982 1156 ‘⁸
1000 1125 1355 1200 messem,”
1381 1130 1420 1158 “
1437 1125 1750 1208 panem,''
1769 1131 1807 1158 “
1825 1125 2059 1202 filios,’'
2077 1131 2117 1159 “
2134 1125 2366 1212 filias?
2385 1133 2425 1162 ‘⁸
2442 1149 2599 1211 gre·-

351 1217 570 1300 gem,'’
612 1219 1117 1294 “armentum,”
1161 1225 1201 1252 ‘⁶
1227 1221 1439 1284 vitem
1459 1219 1491 1244 ”
1536 1229 1608 1283 et
1640 1218 1977 1298 -“ficum,”
2023 1241 2197 1303 quae
2252 1241 2424 1304 gens
2480 1222 2601 1288 illa

351 1313 694 1387 comedet,
733 1312 1201 1395 significantur
1237 1314 1470 1377 omnia
1513 1314 1897 1394 ecclesiae;
1962 1333 2083 1396 per
2116 1321 2470 1380 “messem
2524 1328 2598 1383 et

350 1425 598 1488 panem
613 1406 648 1432 ”
671 1426 834 1470 vera
865 1416 936 1471 et
969 1406 1151 1471 bona
1183 1407 1324 1490 ejus
1360 1409 1588 1490 quoad
1616 1410 2084 1486 nutritionem,
2114 1429 2233 1492 per
2260 1409 2491 1474 “filios
2523 1421 2596 1476 et

349 1499 520 1564 filias
535 1501 564 1526 '²
588 1521 750 1565 vera
783 1511 854 1564 et
887 1502 1068 1565 bona
1103 1501 1245 1584 ejus
1276 1503 1503 1586 quoad
1535 1505 2079 1585 generationem,
2106 1525 2225 1586 per
2255 1509 2595 1588 “gregem

349 1604 421 1660 et
463 1604 852 1658 armentum
868 1595 899 1620 '⁹
943 1615 1106 1660 vera
1166 1605 1237 1660 et
1299 1597 1483 1660 bona
1527 1596 1909 1679 spiritualia
1955 1607 2027 1661 et
2074 1598 2431 1673 naturalia,
2476 1619 2598 1682 per

351 1689 628 1752 “vitem
661 1699 732 1752 et
765 1687 964 1752 ficum
981 1687 1016 1716 ’³
1037 1689 1334 1752 ecclesia
1365 1689 1734 1772 spiritualis
1766 1692 2037 1754 interna
2068 1701 2141 1755 et
2172 1699 2465 1756 externa
2502 1713 2595 1757 ex

347 1782 500 1847 illis.
591 1782 804 1866 Apud
839 1781 1273 1860 Ezechielem,

446 1927 548 1978 “Si
572 1936 684 1977 tres
705 1926 824 1986 viri,
846 1925 1050 1988 Noach,
1077 1925 1271 1978 Daniel
1299 1935 1354 1977 et
1383 1925 1554 1978 Hiob.
1575 1963 1589 1978 .
1606 1964 1621 1977 .
1642 1927 1721 1978 .in
1748 1928 1925 1978 medio
1949 1927 2084 1992 ejus,
2099 1928 2253 1978 vivus
2279 1928 2437 1992 Ego..
2455 1968 2468 1981 .
2489 1968 2502 1981 .
2520 1931 2593 1982 ..1

609 1991 749 2042 filios
771 2000 866 2042 aut
887 1993 934 2041 si
961 1991 1096 2044 filias
1119 1992 1428 2055 eripuerint,
1454 1993 1532 2042 illi
1556 1992 1660 2042 soli
1684 1993 1991 2056 eriplentur,
2016 2003 2071 2043 et
2099 2003 2240 2043 terra
2267 1995 2358 2044 fiet
2380 1995 2593 2046 desola-

607 2057 1112 2116 tio;....addueam
1149 2058 1390 2120 gladium
1431 2071 1594 2121 super
1629 2067 2033 2118 terram,....et
2070 2060 2382 2110 exscindam
2418 2075 2487 2110 ex
2524 2075 2595 2112 en

607 2123 884 2172 hominem
909 2131 964 2172 et
986 2123 1214 2174 bestiam
1229 2122 1258 2143 ”
1282 2123 1407 2186 (xiv.
1440 2119 1570 2188 [ις]
1600 2124 1775 2184 16-18,
1802 2123 1913 2185 20):

346 2286 466 2349 per
515 2265 690 2330 haec
746 2286 1015 2349 quoque
1072 2266 1479 2331 describitur
1531 2267 1923 2333 devastatio
1974 2267 2307 2332 ecclesiae
2360 2272 2585 2352 quoad

347 2363 576 2426 omnia
603 2381 770 2424 vera
801 2361 1064 2425 boniet
1109 2361 1292 2424 bona
1336 2363 1499 2437 veri,
1549 2371 1825 2444 praeter
1867 2362 2047 2446 apud
2094 2361 2251 2426 illos
2294 2365 2409 2445 qui
2465 2385 2587 2448 per

319 2453 506 2520 'vera
541 2477 634 2520 ex
670 2453 908 2519 Verbo
944 2463 1016 2520 et
1062 2476 1182 2539 per
1217 2457 1648 2521 tentationes
1684 2454 2174 2534 reformantur;
2222 2456 2292 2520 hi
2328 2458 2585 2541 signifi-

345 2559 588 2614 cantur
624 2570 746 2633 per
784 2549 1264 2624 “Noachum,”
1299 2549 1724 2614 “Danielem
1742 2548 1772 2574 ”
1801 2560 1874 2615 et
1916 2549 2279 2614 “Hiobum
2302 2551 2356 2614 :”
2399 2553 2584 2634 quod

344 2645 521 2727 apud
558 2643 854 2727 reliquos
899 2645 1197 2728 peritura
1231 2645 1369 2708 sint
1407 2646 1639 2709 omnia
1672 2665 1835 2708 vera
1879 2645 2039 2708 boni
2083 2654 2156 2709 et
2200 2645 2383 2709 bona
2419 2648 2581 2721 veri,

342 2738 766 2822 significatur
801 2760 920 2823 per
956 2740 1139 2822 quod
1180 2744 1377 2803 “non
1423 2739 1598 2804 filios
1645 2749 1763 2804 aut
1808 2739 1978 2803 filias
2019 2738 2422 2822 eriperent,”
2459 2742 2583 2806 sed

343 2836 524 2919 quod
566 2835 722 2899 “illi
758 2833 886 2898 soli
922 2837 1342 2918 eriperentur
1363 2835 1417 2898 :’'
1463 2835 1854 2900 devastatio
1886 2833 2217 2899 ecclesiae
2254 2855 2374 2918 per
2411 2835 2584 2900 salsa

341 2929 763 3014 significatur
793 2949 914 3012 per
943 2930 1126 3012 quod
1161 2934 1400 2993 “terra
1436 2929 1554 2995 fiet
1590 2928 1992 3006 desolatio,”
2025 2938 2096 2993 et
2133 2948 2254 3011 per
2289 2929 2581 2994 “Addu-

341 3044 494 3089 cam
559 3024 863 3107 gladium
929 3044 1129 3107 super
1193 3034 1446 3089 terram
1471 3024 1526 3104 ;’-'
1593 3025 1887 3089 “terra''
1950 3035 2058 3088 est
2126 3023 2438 3100 ecclesia,
2507 3033 2581 3090 et

345 3121 674 3203 “gladius
689 3120 720 3146 ''
764 3129 872 3184 est
924 3119 1165 3184 falsum
1220 3119 1582 3185 destruens
1626 3139 1901 3184 verum:
1954 3119 2138 3202 quod
2188 3119 2580 3184 destruetur

339 3233 546 3280 omne
582 3233 815 3279 verum
853 3215 1200 3297 spirituale
1245 3224 1316 3278 et
1364 3213 1697 3290 naturale,
1738 3224 1809 3278 et
1847 3214 2029 3296 quod
2074 3213 2233 3277 inde
2276 3215 2577 3296 peritura

340 3311 562 3374 omnis
608 3308 1068 3392 intelligentia
1111 3319 1182 3373 et
1230 3311 1519 3374 scientia
1562 3310 1725 3384 veri,
1766 3308 2187 3391 significatur
2230 3328 2351 3391 per
2391 3309 2577 3391 quod

343 3404 806 3470 “exscindam
843 3425 936 3468 ex
971 3423 1054 3467 ea
1089 3403 1438 3468 hominem
1469 3413 1544 3468 et
1578 3402 1928 3468 bestiam.'’
2014 3401 2225 3486 Apud
2256 3403 2575 3479 eundem,

437 3551 672 3604 “Patres
707 3553 991 3602 comedent
1029 3551 1167 3600 filios
1201 3551 1259 3600 in
1298 3551 1476 3601 medio
1515 3549 1608 3609 tui,
1644 3558 1701 3601 et
1736 3550 1829 3601 filii
1870 3549 2156 3600 comedent
2195 3559 2374 3613 patres
2414 3563 2577 3610 suos:

599 3617 822 3733 221:ng
819 3617 876 3704 if}
887 3626 958 3746 (ts
975 3617 1186 3745 jltzgipia,
1211 3625 1267 3666 et
1289 3617 1597 3681 dispergam
1626 3631 1819 3666 omnes
1847 3616 2099 3679 reliquias
2127 3623 2247 3665 tuas
2270 3615 2325 3664 in
2354 3628 2579 3666 omnem

337 3809 518 3893 apud
553 3809 808 3886 Mosen,

445 3933 606 3998 Quod
639 3933 862 4062 εάξωῑιῖ
895 3947 1112 3983 earnem
1141 3931 1371 3982 filiorum
1407 3941 1460 3984 et
1495 3931 1739 3992 filiarum,
1776 3931 1916 3980 inter
1948 3925 2356 3980 maledietiones
2390 3927 2576 3993 (Levit.

597 4013 704 4048 xxv
763 4012 830 4062 29
862 4016 876 4050 τ

337 4157 454 4220 per
497 4139 682 4223 quod
731 4144 1018 4221 “patres
1062 4138 1428 4204 comedent
1473 4137 1665 4213 filios,
1706 4147 1777 4202 et
1822 4135 1937 4200 filii
1983 4135 2273 4220 patres,”
2317 4133 2574 4219 signifi·

337 4242 526 4297 catur
554 4233 742 4318 quod
773 4232 954 4298 mala
986 4230 1414 4297 destructura
1443 4233 1578 4296 sint
1608 4252 1790 4309 vera,
1825 4240 1894 4295 et
1927 4230 2110 4314 quod
2146 4230 2317 4295 falsa
2348 4229 2573 4310 bona;

341 4329 628 4408 “patres
643 4327 674 4354 ''
709 4337 869 4392 sunt
906 4328 1088 4391 mala
1123 4337 1195 4392 et
1231 4327 1434 4402 bona,
1475 4347 1553 4391 ac
1595 4325 1767 4390 “filii
1786 4326 1817 4351 '⁹
1850 4335 2009 4389 sunt
2056 4325 2227 4388 salsa
2260 4333 2333 4388 et
2370 4343 2572 4403 vera;

339 4431 406 4486 et
457 4424 614 4506 quia
665 4423 762 4488 sic
817 4441 1020 4488 omne
1075 4424 1254 4486 vitae
1315 4421 1679 4504 spiritualis
1733 4421 1912 4504 apud
1965 4421 2312 4485 hominem
2370 4419 2569 4502 perit,

338 4515 575 4582 dicitur
617 4517 803 4602 quod
853 4513 1202 4582 “fafiturus
1247 4516 1516 4599 judicia,
1565 4526 1637 4581 et
1682 4516 2101 4598 dispersurus
2146 4514 2461 4595 reliquias
2504 4514 2571 4577 in

338 4630 602 4676 omnem
662 4622 946 4677 ventum
968 4611 1020 4691 ;”
1091 4611 1510 4694 “reliquiae’'
1568 4620 1726 4675 sunt
1784 4629 1946 4674 vera
2008 4617 2081 4672 et
2146 4608 2326 4672 bona
2391 4607 2569 4689 apud
