3259 5384
986 692 1146 743 CAP.
1180 692 1334 757 xxx„
1368 692 1577 745 vERs.
1616 691 1834 761 5.—N.
1866 676 2119 763 727[a].
2503 690 2668 757 2015

548 862 805 914 Similiter
827 864 967 929 quod
993 866 1133 928 ignis
1158 864 1384 916 exiverit
1411 880 1442 915 e
1470 874 1637 929 petra,
1662 874 1716 915 et
1739 864 2135 928 consumpserit
2158 877 2376 913 carnem
2405 871 2459 912 et
2485 877 2675 925 azyma

697 944 834 993 quae
871 930 1118 980 Guideon
1156 932 1367 989 obtulit,
1406 946 1525 981 eum
1564 930 1810 995 Angelus
1846 930 2088 996 Jehovae
2125 931 2462 979 extremitate
2501 929 2676 977 baculi

698 996 876 1058 tetigit
898 995 991 1045 illa
1011 996 1219 1061 (Judic.
1238 997 1307 1045 vi.
1333 996 1433 1058 π).

442 1134 638 1217 Quod
678 1135 796 1202 illa
832 1137 1158 1201 miracula.
1191 1135 1369 1203 sacta
1404 1139 1538 1201 sint
1578 1158 1698 1219 per
1734 1137 2213 1201 extensionem
2250 1135 2492 1210 baculi,
2527 1144 2674 1199 erat

439 1232 591 1313 quia
626 1231 961 1295 “baculus
978 1232 1009 1256 ”
1040 1254 1129 1296 ex
1172 1232 1775 1314 correspondentia
1819 1228 2248 1313 significabat
2295 1232 2675 1312 potentiam

439 1321 718 1386 Domini
775 1343 897 1405 per
954 1323 1279 1387 Divinum
1338 1322 1600 1411 Verum
1647 1338 1732 1399 (de
1760 1352 1860 1397 qua
1889 1338 2106 1397 potentia
2132 1338 2180 1383 in
2211 1352 2326 1383 mox
2357 1340 2676 1396 praecedente

438 1429 638 1475 wemno
664 1428 829 1474 aetum
859 1430 972 1489 est).
1060 1412 1267 1495 Quod
1320 1414 1650 1477 Divinum
1696 1411 1958 1477 Verum
2003 1411 2231 1496 quoad
2285 1414 2674 1494 potentiam

438 1506 642 1569 etiam
674 1505 832 1569 alibi
864 1508 930 1569 in
955 1506 1192 1570 Verbo
1226 1526 1344 1588 per
1372 1512 1411 1539 ‘⁴
1430 1508 1656 1589 virgas
1672 1504 1705 1531 ”
1727 1516 1800 1570 et
1828 1512 1868 1538 “
1886 1506 2166 1569 baculos
2183 1504 2213 1530 ''
2237 1504 2674 1587 significetur,

438 1610 753 1663 constare
786 1610 1016 1681 potest
1048 1622 1139 1664 ex
1172 1601 1616 1684 sequentibus
1649 1601 1816 1664 locis
1837 1599 2154 1681 :—Apud
2185 1598 2538 1673 Davidem,

539 1748 568 1771 ‘¹
584 1746 763 1799 Etiam
788 1764 907 1799 cum
936 1750 1285 1799 ambulavero
1314 1750 1369 1798 in
1394 1750 1536 1799 valle
1563 1750 1843 1799 umbrosa.
1865 1786 1901 1806 ..
1927 1764 2038 1798 non
2068 1749 2270 1798 timebo
2299 1749 2430 1798 mihi
2459 1747 2676 1805 malum,

606 1866 611 1869 .
706 1850 723 1865 .
742 1849 787 1867 ‚⁶
807 1816 983 1877 mirga
1019 1824 1113 1866 tua
1146 1824 1201 1865 et
1237 1816 1456 1869 baculus
1490 1824 1615 1867 tuus
1651 1815 2072 1865 consolabuntur
2105 1828 2226 1871 me3
2259 1814 2516 1877 dispones
2551 1823 2678 1862 ante

700 1895 789 1928 me
812 1894 1055 1929 mensam
1075 1894 1257 1929 eoram
1279 1880 1697 1945 inimicismeis3
1732 1889 1786 1929 et
1805 1879 2165 1943 pinguefacies
2185 1878 2306 1929 oleo
2325 1889 2498 1942 caput,
2517 1892 2678 1942 pocu-

697 1945 809 1994 lum
834 1958 1013 1995 meum
1037 1944 1376 1995 abundabit”
1399 1944 1511 2007 (Ps.
1536 1945 1682 1995 xxiii.
1706 1956 1754 2006 4,
1782 1946 1863 2009 5):

441 2095 844 2159 “ambulare
888 2097 956 2161 in
1002 2096 1181 2160 valle
1228 2094 1591 2161 umbrosa”
1619 2097 1687 2159 in
1725 2116 1927 2161 sensu
1962 2094 2292 2177 spirituali
2337 2094 2676 2177 significat

437 2187 883 2254 inte11e6tum*
919 2191 1302 2266 obscurum,
1358 2192 1463 2254 cui
1524 2209 1662 2254 non
1724 2200 2055 2272 apparent
2117 2211 2276 2253 vera
2334 2210 2424 2253 ex
2487 2189 2674 2253 luce:

442 2286 687 2366 “virga
733 2294 849 2347 tua
894 2294 964 2348 et
1010 2284 1293 2349 baculus
1338 2297 1495 2348 tuus
1540 2285 2082 2348 consolabuntur
2127 2284 2294 2359 me‚”
2340 2284 2677 2365 significat

436 2379 617 2461 quod
682 2379 997 2442 Divinum
1052 2378 1312 2443 Verum
1372 2379 1720 2460 spirituale
1785 2398 1916 2441 una
1975 2398 2127 2443 cum
2189 2378 2437 2442 Divino
2491 2378 2679 2441 Vero

438 2472 728 2536 naturali
789 2482 1169 2537 tutaturum
1228 2474 1339 2544 sit,
1396 2473 1555 2555 quia
1613 2472 1746 2536 illis
1805 2474 2153 2553 potentia;
2227 2474 2474 2555 “virga
2488 2473 2518 2498 ”
2571 2483 2678 2537 est

437 2566 757 2630 Divinum
779 2565 1036 2630 Verum
1054 2566 1427 2649 spirituale,
1450 2573 1489 2599 ‘⁴
1508 2565 1790 2631 baculus
1807 2567 1836 2593 '¹
1858 2568 2178 2630 Divinum
2199 2567 2456 2631 Verum
2478 2577 2679 2631 natu-

438 2660 601 2735 rale,
638 2672 995 2743 utrumque
1028 2661 1225 2724 simul
1257 2662 1482 2743 quoad
1521 2662 1902 2742 potentiam
1935 2662 2224 2735 tutandi,
2261 2680 2418 2724 nam
2455 2666 2678 2724 “con-

436 2754 683 2819 solari”
742 2765 847 2817 est
911 2757 1117 2819 tutari
1152 2776 1165 2817 :
1202 2808 1207 2812 .
1246 2756 1403 2837 quia
1465 2756 1714 2836 “virga
1773 2764 1845 2818 et
1904 2754 2184 2819 baculus
2204 2754 2235 2780 ”
2294 2754 2679 2837 significant

438 2848 759 2911 Divinum
784 2848 1042 2913 Verum
1066 2850 1291 2932 quoad
1318 2850 1721 2931 potentiam,
1750 2850 1905 2912 ideo
1927 2850 2248 2933 sequitur,
2280 2854 2319 2883 “
2339 2850 2678 2930 Dispones

436 2953 599 3025 ante
624 2963 733 3005 me
758 2962 1086 3017 mensam,
1111 2942 1567 3024 pinguefacies
1586 2942 1742 3006 oleo
1767 2953 1993 3024 caput,
2015 2953 2086 3007 et
2113 2943 2429 3025 poculum
2453 2963 2679 3007 meum

438 3037 871 3113 abundabit,”
924 3058 1042 3119 per
1096 3056 1267 3119 quae
1328 3036 1748 3118 significatur
1799 3039 2080 3101 nutritio
2139 3036 2502 3122 spiritualis
2562 3058 2681 3120 per

440 3132 761 3195 Divinum
788 3129 1046 3194 Verum
1072 3153 1089 3209 ;
1124 3150 1282 3193 nam
1308 3150 1427 3212 per
1449 3136 1488 3163 “
1508 3130 1868 3211 disponere
1893 3150 2198 3194 mensam
2214 3130 2243 3155 ''
2263 3130 2681 3212 significatur

439 3226 877 3307 spiritualiter
913 3226 1169 3299 nutriri,
1213 3245 1331 3305 per
1372 3224 1906 3306 “pinguefacere
1942 3223 2098 3288 oleo
2135 3226 2386 3307 caput”
2424 3224 2678 3307 signifi·

442 3331 631 3383 catur
663 3340 783 3402 per
812 3320 1065 3383 bonum
1099 3320 1369 3393 amoris,
1404 3329 1477 3382 et
1511 3338 1629 3400 per
1666 3324 1704 3351 ‘⁴
1723 3318 2039 3401 poculum
2055 3318 2082 3344 ”
2115 3318 2532 3401 significatur
2563 3340 2682 3401 per

440 3434 671 3478 verum
725 3412 1073 3477 doEtrinae
1126 3434 1219 3477 ex
1274 3411 1549 3493 Verbo;
1617 3412 2037 3495 “poculum’'
2091 3412 2180 3477 ibi
2233 3434 2357 3496 pro
2412 3415 2681 3479 “vina'’

442 3507 653 3591 Apud
684 3506 1113 3583 Ezechielem,

538 3658 569 3681 ‘⁴
586 3656 765 3707 Mater
787 3665 878 3706 tua
900 3658 1039 3705 sicut
1061 3656 1211 3705 vitis.
1232 3694 1245 3705 .
1265 3693 1277 3706 .
1299 3656 1473 3718 .juxta
1495 3670 1664 3719 aquas
1689 3656 1951 3718 plantata.
1973 3694 1986 3706 .
2005 3694 2018 3706 .
2039 3657 2204 3707 .unde
2233 3657 2450 3706 fuerunt
2478 3658 2554 3708 illi
2578 3660 2684 3708 vir-

739 3736 803 3771 ae
832 3724 1055 3780 roboris,
1082 3722 1135 3770 in
1173 3730 1385 3783 sceptra
1418 3722 1846 3780 dominantium;
1881 3722 1977 3771 sed
2007 3722 2200 3771 extulit
2233 3736 2292 3771 se
2327 3734 2531 3773 statura
2563 3724 2682 3787 ejus

700 3738 917 3852 {super}
939 3788 1079 3837 inter
1100 3786 1363 3849 implexos
1382 3802 1563 3837 ramos
1582 3803 1619 3837 :.
1643 3824 1656 3835 .
1675 3824 1688 3837 .
1707 3801 1894 3849 ,quare
1911 3801 2105 3836 eversa
2119 3797 2202 3837 est
2222 3788 2276 3835 in
2296 3788 2390 3847 ira,
2411 3790 2465 3838 in
2486 3798 2681 3838 terram

704 3850 945 3915 projeeta
971 3862 1069 3911 est,
1098 3862 1153 3902 et
1180 3862 1375 3901 ventus
1408 3852 1689 3903 orientalis
1722 3851 1945 3903 arefecit
1978 3850 2211 3901 fructum
2247 3854 2396 3915 ejus:
2437 3854 2682 3903 divulsae

704 3928 847 3977 sunt,
870 3929 923 3967 et
948 3925 1271 3967 exaruerunt
1295 3918 1477 3979 virgae
1506 3918 1718 3968 roboris
1742 3917 1878 3980 ejus,
1903 3918 2046 3979 ignis
2072 3918 2305 3967 comedit
2331 3934 2683 3981 unamquam-

704 3985 819 4033 vis:
858 3997 999 4032 nunc
1026 3984 1267 4045 plantata
1289 3992 1373 4032 est
1397 3983 1450 4031 in
1470 3983 1703 4041 deserto,
1722 3982 1778 4031 in
1804 3991 1946 4032 terra
1963 3983 2226 4032 ariditatis
2251 3993 2306 4032 et
2329 3984 2448 4033 sitis
2470 3998 2482 4042 ;
2518 3986 2685 4034 exivit

704 4048 845 4111 ignis
870 4062 899 4097 e
923 4049 1075 4111 virga
1100 4062 1373 4097 ramorum
1398 4048 1531 4106 e'uS,
1552 4048 1787 4097 comedit
1810 4045 2040 4097 fructum
2066 4048 2200 4111 ejus,
2225 4057 2284 4109 ut
2309 4064 2418 4099 non
2443 4049 2515 4100 sit
2539 4049 2594 4099 in
2619 4064 2686 4099 ea

702 4114 856 4176 virga
878 4114 1103 4171 roboris,
1128 4122 1399 4176 sceptrum
1442 4110 1920 4163 ¹1d0m1nantium”
1941 4112 2070 4176 (xix.
2097 4114 2309 4177 10-14):

446 4262 846 4331 describitur
882 4280 1000 4343 per
1032 4262 1201 4329 haec
1234 4260 1571 4328 desolatio
1602 4262 1824 4326 omnis
1853 4263 1994 4327 veri
2029 4264 2098 4325 in
2136 4261 2448 4327 Ecclesia
2473 4262 2682 4345 Juda-

446 4358 581 4436 ica;
634 4357 1089 4438 “principes,'’
1126 4366 1369 4425 contra
1412 4376 1583 4437 quos
1629 4355 2028 4431 lamentum,
2067 4356 2452 4439 significant
2499 4379 2679 4433 vera,

447 4462 513 4516 et
546 4458 585 4485 ‘⁴
608 4450 875 4517 mater”
905 4469 1077 4533 quae
1110 4447 1288 4517 facta
1319 4451 1579 4525 leaena,
1614 4450 1951 4531 significat
1982 4452 2381 4529 ecclesiam3
2429 4452 2514 4514 de
2552 4452 2681 4515 hac

448 4554 514 4609 et
537 4546 620 4623 de
646 4544 779 4619 illis
804 4544 971 4607 haec
994 4542 1175 4607 dicta
1198 4554 1358 4608 sunt
1381 4564 1395 4610 ς
1442 4549 1479 4577 “
1504 4553 1724 4607 mater
1745 4556 1862 4608 tua
1885 4546 2058 4610 sicut
2079 4547 2237 4610 vitis
2253 4546 2454 4627 juxta
2474 4566 2682 4628 aquas

448 4638 801 4719 plantata”
844 4636 1183 4721 significat
1228 4639 1410 4721 quod
1464 4638 1551 4701 ab
1602 4639 2091 4707 instauratione
2146 4640 2342 4704 fuerit
2393 4641 2682 4705 ecclesia
