3259 5384
976 666 1136 719 cnr.
1169 667 1323 731 x11.,
1357 667 1565 720 vssns.
1605 668 1821 719 1.--N.
1853 653 2095 738 71o[c].
2488 671 2647 738 1943

391 843 578 912 sunt,
607 835 738 900 sed
765 855 970 918 usque
995 855 1199 900 unum
1223 859 1240 916 3
1286 847 1357 901 et
1387 836 1697 904 similiter
1726 858 1807 902 ac
1830 855 2063 904 verum
2095 847 2165 902 et
2198 839 2475 914 bonum,
2502 849 2649 904 tum

391 928 568 994 fides
604 941 679 994 et
719 931 1038 1007 charitas,
1075 951 1250 1014 quae
1285 933 1558 1015 quidem
1593 934 1733 996 duo
1768 943 1948 1007 sunt,
1990 933 2111 996 sed
2152 953 2359 1014 usque
2396 951 2645 1008 unum·;

388 1043 672 1106 nempe,
721 1026 996 1107 quando
1037 1045 1272 1090 verum
1315 1037 1424 1090 est
1476 1027 1641 1090 boni
1688 1046 1767 1091 ac
1824 1027 2079 1090 bonum
2130 1037 2237 1091 est
2292 1027 2453 1101 veri,
2502 1038 2649 1090 tum

389 1119 678 1198 quando
709 1117 882 1182 fides
917 1129 1026 1184 est
1063 1121 1418 1185 charitatis
1453 1141 1532 1184 ae
1571 1121 1869 1186 charitas
1905 1131 2011 1186 est
2049 1120 2246 1198 fidei;
2292 1130 2401 1184 est
2438 1121 2649 1186 etiam

389 1211 554 1274 inde
603 1231 800 1276 amor
843 1213 1278 1295 conjugialis:
1341 1217 1523 1299 quod
1573 1215 1865 1279 “Moses
1920 1217 2011 1279 ob
2062 1215 2379 1280 duritiem
2424 1214 2647 1278 cordis

389 1305 784 1385 permiserit
837 1307 1180 1372 dimittere
1238 1329 1526 1374 uxorem
1586 1331 1677 1374 ex
1732 1330 2132 1392 quacunque
2186 1309 2445 1384 causa,'’
2498 1320 2646 1376 erat

389 1400 552 1480 quia
585 1399 940 1465 Israelitae
971 1412 1044 1466 et
1065 1402 1303 1483 Judaei
1336 1403 1679 1468 naturales
1707 1414 1927 1478 erant,
1954 1415 2025 1468 et
2058 1423 2197 1468 non
2220 1403 2603 1485 spirituales
2618 1426 2644 1480 .;

387 1503 464 1556 et
503 1496 626 1576 qui
663 1513 847 1558 mere
879 1497 1225 1560 naturales
1261 1508 1442 1572 sunt,
1475 1497 1572 1562 illi
1609 1500 1819 1564 etiam
1856 1499 2001 1562 duri
2034 1499 2243 1562 corde
2278 1507 2457 1572 sunt,
2490 1499 2649 1580 quia

387 1607 532 1650 non
583 1590 656 1652 in
699 1589 928 1672 aliquo
971 1609 1206 1654 amore
1247 1591 1632 1673 conjugiali,
1678 1594 1804 1656 sed
1848 1594 1915 1655 in
1962 1592 2241 1668 lascivo,
2288 1590 2491 1674 quale
2537 1603 2647 1656 est

387 1683 750 1747 adulterii:
797 1686 979 1767 quod
1016 1687 1450 1768 “quicunque
1483 1687 1811 1751 dimiserit
1843 1704 2128 1750 uxorem
2160 1687 2287 1750 nisi
2318 1685 2408 1749 ob
2430 1686 2643 1750 sorni-

387 1779 767 1853 cationem‚
823 1790 897 1842 et
955 1779 1161 1843 aliam
1220 1781 1514 1854 duxerit,
1571 1781 1978 1844 adulterium
2032 1779 2485 1856 committat,'’
2538 1790 2645 1845 est

389 1873 554 1953 quia
599 1873 959 1937 fornicatio
1003 1873 1338 1956 significat
1385 1874 1649 1948 salsum,
1703 1885 1777 1939 et
1820 1875 2001 1956 apud
2048 1875 2402 1938 mulierem
2441 1873 2643 1940 affec.-

387 1969 662 2030 tionem
707 1968 867 2031 mali
909 1979 982 2032 et
1027 1969 1194 2044 salsi,
1234 1970 1332 2033 ita
1367 1967 1797 2034 affefitionem
1832 1989 2005 2052 quae
2042 1968 2435 2034 nullatenus
2472 1987 2643 2034 con·

389 2062 640 2125 cordat
675 2081 830 2124 cum
866 2061 1222 2127 intellefitu
1257 2064 1398 2127 veri
1442 2073 1514 2128 et
1551 2063 1751 2142 boni3
1806 2075 1877 2128 et
1915 2065 2071 2146 quia
2100 2085 2189 2126 ex
2228 2063 2347 2127 illa
2380 2064 2639 2128 discor.-

388 2156 636 2221 dantia
659 2175 852 2221 amor
871 2155 1292 2238 conjugialis,
1318 2157 1431 2239 qui
1462 2168 1570 2222 est
1600 2159 1740 2221 veri
1772 2167 1844 2221 et
1875 2157 2055 2232 boni,
2085 2166 2156 2221 et
2188 2157 2345 2220 inde
2376 2156 2641 2220 caelum

388 2260 462 2313 et
511 2249 808 2314 ecclesia
852 2252 1032 2332 apud
1070 2251 1439 2326 hominem,
1479 2271 1753 2332 prorsus
1799 2253 2015 2333 perit;
2070 2270 2229 2314 nam
2275 2270 2429 2316 cum
2474 2270 2639 2314 con-

385 2341 652 2426 junGtio
687 2345 988 2420 interior,
1021 2366 1194 2429 quae
1231 2357 1338 2410 est
1377 2348 1709 2411 mentium
1745 2358 1817 2410 et
1854 2347 2255 2420 animorum,
2290 2345 2477 2410 nulla
2510 2355 2639 2420 est,

389 2437 788 2521 conjugium
840 2441 1270 2505 dissolvitur:
1335 2441 1516 2524 quod
1567 2443 1738 2523 “qui
1792 2442 2139 2504 dimissam
2193 2440 2381 2505 ducit
2434 2441 2645 2506 etiam

391 2535 808 2598 adulterium
861 2535 1314 2610 committat‚”
1361 2545 1468 2598 est
1522 2536 1678 2618 quia
1731 2555 1853 2617 per
1908 2537 2311 2600 “dimissam
2366 2543 2646 2616 propter

391 2629 961 2692 fornicati-onem”
997 2629 1399 2711 intelligitur
1443 2626 1711 2693 affeetio
1757 2629 1917 2693 mali
1964 2640 2033 2692 et
2080 2629 2248 2702 salsi,
2298 2638 2370 2692 ut
2418 2647 2639 2708 supra,

391 2743 570 2805 quae
603 2743 742 2786 non
775 2724 1160 2804 copulanda
1190 2733 1298 2787 est
1335 2743 1489 2788 cum
1521 2723 1747 2806 aliquo
1778 2721 2133 2787 intellee‘m
2164 2724 2304 2786 veri
2336 2733 2407 2786 et
2439 2722 2639 2798 boni;

391 2818 554 2881 inde
585 2819 770 2880 enim
801 2815 1188 2881 intellthus
1211 2819 1641 2898 pervertitur,
1666 2827 1739 2882 et
1770 2837 2037 2900 quoque
2068 2816 2145 2880 fit
2177 2815 2324 2880 salsi
2354 2826 2429 2882 et
2459 2816 2639 2906 mali,

395 2922 470 2975 et
515 2909 908 2992 conjunGtio
953 2912 1100 2975 salsi
1144 2921 1217 2975 et
1263 2910 1424 2975 mali
1468 2921 1575 2976 est
1613 2911 2023 2975 adulterium
2060 2909 2429 2991 spirituale,
2468 2911 2643 2973 sicut

393 3003 786 3086 conjuntffio
835 3006 976 3068 veri
1027 3016 1100 3068 et
1160 3006 1340 3070 boni.
1381 3015 1488 3070 est
1539 3005 1927 3087 conjugium
1978 3004 2347 3086 spirituale.
2436 3002 2641 3085 Quod

395 3099 736 3164 Dominus
765 3109 1008 3182 postea
1040 3099 1307 3164 locutus
1337 3101 1426 3165 sit
1463 3100 1548 3164 de
1569 3100 1925 3176 eunuchis,
1960 3109 2108 3163 erat
2144 3101 2301 3182 quia
2331 3099 2641 3180 discipuli

393 3195 742 3268 dixerunt,
779 3191 908 3256 “Si
945 3195 1039 3257 sic
1077 3205 1186 3257 est
1222 3214 1428 3257 causa
1463 3194 1755 3258 hominis
1791 3213 1949 3258 cum
1978 3215 2214 3269 uxore,
2251 3213 2387 3258 non
2424 3213 2639 3275 expe-

395 3289 498 3352 dit
535 3289 1044 3352 matrimonium
1081 3289 1482 3353 contrahere
1507 3287 1559 3366 ;”
1603 3298 1677 3353 et
1712 3289 1869 3370 quia
1899 3287 2216 3370 conjugia
2251 3289 2429 3370 apud
2468 3307 2639 3368 gen.-

395 3393 541 3446 tem
576 3382 950 3464 judaicam,
997 3403 1172 3465 quae
1217 3383 1384 3446 dura
1427 3382 1632 3446 corde
1678 3383 1801 3447 suit
1845 3403 1939 3447 ex
1982 3403 2066 3447 eo
2112 3383 2295 3464 quod
2338 3383 2407 3445 in
2454 3381 2639 3445 falsis

395 3497 489 3540 ex
527 3476 714 3540 malo
747 3485 1000 3550 essent,
1041 3496 1178 3541 non
1224 3487 1418 3541 erant
1454 3476 1768 3559 conjugia
1810 3479 1933 3542 sed
1968 3477 2305 3541 adulteria
2340 3478 2407 3538 in
2444 3476 2639 3556 spiri·-

397 3571 566 3635 tuali
627 3591 831 3634 sensu
883 3569 1256 3646 intellefita,
1309 3591 1518 3654 quare
1575 3573 1787 3636 etiam
1836 3571 1956 3636 illa
2012 3591 2184 3653 gens
2241 3592 2283 3634 a
2340 3569 2639 3633 Domino

403 3671 632 3749 “gens
667 3665 980 3730 adultera
993 3667 1024 3692 ’⁹
1058 3677 1306 3730 vocata
1351 3677 1480 3742 est,
1519 3667 1677 3730 ideo
1720 3667 1989 3730 locutus
2034 3675 2143 3730 est
2182 3665 2517 3730 Dominus
2554 3665 2639 3730 de

403 3760 843 3836 “eunuchis‚”
878 3780 1000 3841 per
1033 3781 1206 3843 quos
1241 3758 1574 3825 intelleai
1608 3770 1768 3825 sunt
1804 3762 1919 3843 qui
1956 3781 2093 3824 non
2129 3761 2372 3825 volunt
2409 3759 2641 3841 eonju-

399 3857 584 3938 gium
623 3857 810 3930 inire,
843 3855 972 3919 hoc
1010 3865 1139 3931 est,
1175 3853 1514 3937 conjungi,
1549 3874 1705 3920 cum
1742 3853 2099 3920 affeetione
2137 3856 2319 3932 mali,
2352 3855 2511 3938 quia
2546 3856 2639 3918 sic

401 3945 791 4014 inteneftus
835 3949 976 4012 veri
1019 3959 1092 4012 et
1138 3949 1299 4012 boni
1344 3959 1849 4032 perverteretur
1890 3960 1965 4014 et
2009 3951 2488 4032 dissiparetur;
2544 3949 2645 4013 ita

402 4064 522 4126 per
557 4043 1010 4108 “eunuchos’t
1046 4044 1520 4126 intelliguntur
1563 4055 1709 4108 tam
1756 4047 1950 4127 nupti
1986 4063 2189 4128 quam
2236 4065 2375 4109 non
2420 4045 2637 4126 nupti,

402 4139 578 4220 apud
637 4159 810 4222 quos
867 4136 1264 4219 conjunaefftus
1319 4149 1428 4202 est
1483 4137 1877 4204 intellthus
1934 4141 2074 4203 veri
2132 4151 2205 4204 et
2265 4139 2427 4204 boni
2484 4157 2640 4202 cum

404 4231 757 4298 affestione
793 4233 934 4296 veri
980 4243 1051 4296 et
1087 4232 1290 4296 boni:
1345 4234 1526 4316 quod
1566 4233 1913 4298 “eunuchi
1928 4233 1959 4260 ”
1994 4235 2309 4297 dicantur
2344 4241 2451 4296 est
2487 4233 2645 4314 quia

405 4347 537 4391 non
577 4326 712 4391 illis
749 4326 1074 4391 lascivum
1111 4338 1260 4404 est,·
1280 4327 1478 4412 quale
1515 4338 1622 4392 est
1659 4326 1791 4391 illis
1828 4329 1939 4411 qui
1985 4349 2075 4392 ex
2114 4328 2355 4391 duritie
2394 4327 2637 4400 cordi3‚

407 4422 471 4484 in
518 4441 652 4504 qua
696 4420 965 4485 fuerunt
1008 4421 1264 4502 Judaei,
1305 4421 1528 4503 plures
1573 4442 1825 4486 uxores
1871 4422 2235 4497 duxerunt,
2284 4431 2355 4484 et
2401 4439 2641 4503 quam-

403 4515 570 4580 libet
631 4537 724 4580 ex
783 4536 988 4580 causa
1045 4535 1443 4600 quacunque
1495 4516 1953 4599 repudiarunt.
2044 4515 2229 4580 Prius
2288 4516 2638 4578 sciendum

406 4622 510 4677 est
545 4613 728 4697 quod
767 4611 1153 4695 conjugium
1189 4609 1575 4678 intellectus
1605 4613 1747 4677 veri
1783 4623 1855 4678 et
1892 4611 2053 4678 boni
2090 4629 2244 4677 cum
2282 4607 2640 4676 affeetione
