3259 5384
572 667 740 747 2436
1190 682 1690 735 APOCALYPsxs
1736 682 2186 735 Eerch‘rA.

568 850 809 913 vocem
844 850 994 913 Filii
1028 851 1215 925 Dei‚”
1240 853 1336 915 ita
1360 852 1472 935 qui
1507 852 1746 916 vivunt
1771 852 2142 916 secundum
2167 854 2536 935 praecepta
2559 850 2796 935 Ipsius.

570 942 894 1009 Similiter
938 946 1115 1027 apud
1155 945 1423 1021 Lucam,

808 1087 965 1153 Quod
990 1089 1309 1138 retribuetur
1332 1088 1385 1138 in
1412 1086 1804 1139 resurreetione
1829 1086 2217 1139 1¹1mortuorum
2245 1085 2428 1149 (mxiv.
2456 1088 2569 1149 14):

570 1238 689 1300 per
743 1223 785 1251 ⁴‘
804 1216 1367 1283 resurrefitionem
1418 1230 1840 1285 mortuorum
1861 1220 1892 1245 ”
1923 1240 2082 1289 non
2139 1222 2346 1285 modo
2397 1220 2802 1303 intelligitur

570 1311 970 1377 resurrefitio
996 1313 1261 1377 illorum
1286 1315 1397 1396 qui
1424 1314 1828 1379 naturaliter
1851 1316 2247 1389 moriuntur,
2277 1333 2436 1378 nam
2461 1315 2530 1377 hi
2563 1315 2797 1378 statim

570 1417 727 1488 post
788 1418 1082 1470 mortem
1142 1418 1527 1490 resurgunt,
1588 1409 1710 1471 sed
1771 1410 1978 1473 etiam
2038 1411 2152 1491 qui
2207 1408 2668 1491 spiritualiter,
2721 1427 2798 1473 ac

570 1498 887 1563 vivificati
925 1510 1083 1563 sunt
1116 1522 1157 1563 a
1189 1501 1509 1565 Domino.
1600 1501 1809 1583 Apud
1847 1501 2252 1577 Johannem,

665 1642 825 1707 jesus
852 1644 999 1703 dixit,
1025 1644 1267 1693 “Veniet
1295 1644 1443 1704 hora,
1467 1646 1521 1695 in
1548 1660 1658 1708 qua
1684 1660 1875 1695 omnes
1899 1647 1987 1707 qui
2017 1646 2070 1695 in
2101 1646 2466 1697 monumentis
2491 1654 2631 1701 sunt.
2655 1646 2802 1695 audi·

830 1720 922 1759 ent
948 1724 1135 1758 vocem
1151 1710 1178 1728 ''
1198 1710 1313 1758 Filii
1337 1710 1451 1767 Dei.
1473 1712 1501 1733 ⁴⁸
1517 1721 1571 1760 et
1593 1712 1831 1770 exibunt,
1851 1711 1940 1775 qui
1964 1712 2108 1759 bona
2125 1712 2366 1761 fecerunt
2391 1712 2444 1760 in
2465 1708 2801 1760 resurreetio-

831 1788 954 1822 nem
992 1776 1148 1833 vitae,
1184 1776 1299 1838 qui.
1319 1776 1486 1825 ‚mala
1518 1774 1760 1825 iecerunt
1795 1776 1850 1825 in
1885 1774 2328 1825 resurreetionem
2363 1775 2592 1839 judicii”
2624 1776 2695 1837 (v.
2724 1776 2802 1836 28,

832 1842 916 1902 29)
934 1850 945 1883 ²

570 1990 691 2053 per
736 1970 905 2034 haec
953 1987 1090 2034 non
1137 1970 1547 2053 intelligitur·
1579 1973 1762 2055 quod
1807 1981 2255 2036 monumenta
2300 1974 2690 2055 aperientur
2729 1982 2800 2037 et

570 2066 859 2129 exibunt
898 2085 1137 2128 omnes
1183 2066 1291 2129 die
1338 2065 1557 2149 ultjmi
1597 2065 1868 2148 judieii;
1917 2066 2038 2129 sed
2086 2087 2205 2148 per
2252 2065 2802 2129 “monumenta'’

570 2182 743 2245 quae
790 2162 1199 2249 aperientur,
1252 2160 1732 2242 intelliguntur
1779 2161 1932 2225 loca
1976 2163 2045 2223 in
2091 2162 2399 2225 inferiore
2446 2171 2649 2236 terra,
2691 2162 2800 2225 ubi

572 2256 893 2318 reservati
926 2264 996 2317 et
1028 2256 1365 2318 custoditi*
1386 2262 1543 2318 sunt
1575 2276 1615 2318 a
1650 2251 1948 2318 Domino
1979 2255 2076 2317 illi
2107 2255 2218 2337 qui
2249 2254 2543 2318 antehac
2577 2255 2798 2319 chari·

570 2350 737 2411 tatis
781 2349 992 2411 vitam
1039 2350 1381 2419 vixerunt,
1422 2368 1500 2411 ac
1548 2349 1869 2411 Divinum
1915 2348 2188 2411 Domini
2233 2358 2687 2430 agnoverunt,
2725 2342 2797 2414 et

569 2442 679 2505 die
716 2442 934 2505 ultimi
964 2442 1212 2523 judicii,
1254 2452 1325 2505 et
1362 2454 1519 2525 post
1556 2442 1770 2516 illum,
1809 2443 2063 2506 elevati
2099 2444 2167 2505 in
2205 2442 2493 2518 caelum,
2525 2444 2614 2507 de
2651 2445 2799 2525 qui-

570 2536 695 2597 bus
730 2554 930 2617 supra
976 2538 1043 2598 in
1082 2534 1213 2599 hoc
1254 2535 1543 2599 articulo
1578 2532 1834 2601 dietum
1870 2546 2019 2613 est3
2075 2536 2247 2600 haec
2296 2536 2447 2600 loca
2493 2538 2560 2600 in
2607 2538 2798 2619 spiri·

569 2628 735 2692 tuali
794 2649 996 2692 sensu
1056 2650 1175 2712 per
1235 2630 1784 2693 “monumenta'’
1843 2629 2348 2712 significantur:
2413 2631 2597 2713 quod
2663 2651 2798 2695 non

566 2722 1045 2805 ¹³¹intelligatur
1082 2725 1265 2807 quod
1304 2734 1749 2787 monumenta
1793 2725 1860 2787 in
1907 2735 2090 2788 terra
2126 2725 2493 2807 aperienda
2527 2727 2691 2798 sint.
2723 2736 2796 2789 et

568 2820 748 2901 quod
787 2840 874 2881 ex
910 2820 1039 2881 illis
1077 2819 1186 2882 die
1224 2817 1443 2881 ultimi
1474 2818 1705 2900 judicii
1737 2820 1988 2882 exituri
2019 2820 2180 2893 sint,
2213 2828 2410 2901 patet
2441 2820 2798 2883 manifeste

568 2934 657 2975 ex
696 2934 801 2986 e0,
836 2914 1020 2997 quod
1058 2932 1296 2978 omnes
1329 2912 1640 2976 homines
1678 2914 1915 2977 statim
1955 2923 2115 2995 post
2153 2923 2444 2976 mortem
2491 2914 2558 2977 in
2605 2914 2795 2996 spiri·

568 3007 825 3070 tualem
856 3008 1183 3070 mundum
1214 3008 1518 3081 veniant,
1552 3026 1636 3069 ac
1671 3008 1762 3069 ibi
1799 3006 1864 3069 in
1904 3006 2120 3069 forma
2157 3007 2455 3069 humana
2493 3007 2798 3071 similiter

566 3111 641 3164 ut
672 3103 739 3163 in
772 3101 1027 3163 mundo
1053 3100 1343 3164 naturali
1374 3102 1610 3164 vivant
1638 3122 1652 3177 ;
1691 3102 1790 3163 ita
1821 3100 2004 3182 quod
2036 3098 2436 3164 resurrefitio
2467 3102 2556 3164 sit
2587 3103 2795 3164 cuivis

566 3197 803 3258 statim
843 3206 1000 3277 post
1039 3204 1352 3269 mortem,
1393 3192 1792 3258 resurreEtio
1827 3195 2012 3257 vitae
2059 3193 2192 3257 illis
2237 3196 2350 3277 qui
2396 3195 2577 3258 bona
2614 3196 2790 3259 sece-

566 3298 747 3364 runt,
772 3299 843 3353 et
870 3286 1265 3353 resurrthio
1281 3288 1510 3369 judicii
1530 3288 1664 3352 illis
1685 3289 1798 3370 qui
1823 3289 2006 3351 mala
2022 3288 2346 3363 fecerunt,
2371 3299 2446 3352 ut
2475 3300 2793 3353 constare

566 3391 797 3463 potest
831 3404 920 3445 ex
955 3382 1085 3446 illis
1116 3403 1289 3464 quae
1326 3384 1393 3445 in
1424 3403 1632 3465 opere
1664 3382 1765 3444 De
1798 3381 1994 3447 Caelo
2027 3392 2092 3445 et
2119 3382 2394 3462 Inferna
2421 3403 2513 3446 ex
2543 3383 2790 3446 auditis

504 3466 511 3475 ’
566 3486 635 3539 et
674 3477 833 3540 visis
871 3487 1250 3540 memorata
1288 3486 1467 3539 sunt.
1561 3475 1754 3540 Haec
1794 3486 2310 3557 repraesentata
2348 3488 2507 3541 sunt
2547 3496 2670 3559 per

662 3619 823 3685 Quod
846 3630 1195 3671 monumenta
1212 3628 1397 3683 aperta
1418 3620 1544 3679 sint,
1563 3628 1619 3669 et
1643 3620 1810 3669 multa
1832 3634 2060 3683 corpora
2078 3619 2458 3671 dormientium
2483 3618 2794 3671 sand’torum

824 3686 1095 3744 suscitata,
1114 3696 1167 3734 et
1190 3686 1333 3748 quod
1349 3696 1607 3735 exeuntes
1630 3699 1661 3734 e
1685 3686 2048 3735 monumentis
2071 3686 2182 3735 suis
2206 3696 2330 3748 post
2349 3684 2795 3737 resurredtionem

828 3750 1046 3799 Domini
1086 3752 1315 3812 ingressi
1353 3750 1463 3799 sint
1499 3752 1553 3799 in
1594 3748 1838 3800 sanctam
1880 3752 2084 3809 urbem,
2130 3760 2185 3799 et
2224 3753 2568 3814 apparuerint
2613 3754 2796 3803 multis

823 3816 1037 3877 (Mam.
1062 3817 1224 3865 xxvii.
1252 3826 1329 3876 52,
1357 3816 1467 3877 53)=

563 3946 744 4029 quod
784 3957 1230 4011 monumenta
1268 3957 1431 4010 tunc
1478 3956 1717 4030 aperta
1755 3945 2022 4023 suerint,
2061 3955 2132 4011 et
2179 3948 2362 4031 quod
2402 3947 2641 4025 sanoti,
2682 3950 2792 4034 qui

564 4043 745 4124 prius
784 4044 1028 4105 mortui
1066 4042 1354 4117 suerunt,
1389 4043 1753 4114 exiverint.
1789 4052 1861 4104 et
1897 4042 2184 4123 ingressi
2218 4039 2525 4106 sandiam
2557 4044 2791 4107 urbem

561 4136 795 4199 multis
833 4138 1287 4219 apparuerint,
1323 4136 1885 4219 repraesentabat
1923 4134 2483 4200 resurreEtionem
2521 4136 2790 4201 illorum

560 4232 671 4312 qui
710 4232 775 4293 in
816 4230 984 4293 locis
1015 4232 1141 4293 sub
1171 4230 1365 4294 caelo
1398 4251 1437 4293 a
1470 4230 1771 4293 Domino
1801 4250 2011 4312 usque
2043 4230 2130 4293 ad
2162 4230 2538 4293 adventum
2574 4232 2788 4313 Ipsius

560 4326 627 4387 in
655 4326 978 4388 mundum
1006 4326 1333 4389 reservati
1352 4335 1533 4400 sunt,
1558 4333 1630 4389 et
1654 4324 1768 4407 qui
1792 4335 1950 4406 post
1983 4322 2542 4389 resurret‘ftionem
2570 4326 2788 4408 Ipsius

558 4420 717 4483 inde
748 4421 1057 4502 exempti
1090 4430 1163 4483 et
1194 4422 1262 4482 in
1296 4418 1559 4483 caelum
1586 4419 1838 4483 sublati
1870 4430 2028 4484 sunt
2055 4438 2068 4481 :
2111 4420 2279 4483 haec
2313 4440 2580 4503 quoque
2613 4418 2786 4485 saeta

558 4523 740 4591 sunt,
772 4525 847 4579 et
881 4517 1025 4578 visa
1062 4515 1193 4577 illis
1224 4516 1337 4598 qui
1374 4516 1440 4577 in
1477 4514 1962 4595 Hierosolyma
1991 4524 2212 4589 erant,
2245 4516 2368 4579 sed
2400 4536 2612 4598 usque
2647 4515 2784 4581 sue-

558 4620 715 4675 runt
753 4611 1335 4693 repraesentativa
1364 4606 1872 4675 resurrthionis
1900 4608 2172 4675 illorum
2209 4610 2296 4675 de
2331 4610 2572 4693 quibus
2605 4628 2776 4675 nune
