3259 5384
628 695 798 745 2200
1213 707 1220 714 ·
1248 693 1747 748 APOCALYPSIS
1794 695 2245 748 EXPLICATA.

625 863 756 927 hoc
798 873 1029 947 potest
1071 866 1290 930 omnis
1325 865 1693 949 hypocrita
1729 878 1800 933 et
1839 877 2273 947 assentator;
2321 875 2393 930 at
2427 865 2595 931 nihil
2632 872 2891 949 potest

622 959 930 1039 cogitare
969 969 1040 1023 et
1079 959 1286 1043 loqui,
1325 980 1480 1024 cum
1519 962 1648 1025 sibi
1683 960 1959 1026 relictus
1997 971 2129 1036 est,
2170 981 2261 1026 ex
2299 963 2467 1034 vita,
2507 962 2697 1043 quod
2742 978 2892 1022 non

625 1053 713 1114 sit
752 1073 844 1114 ex
890 1073 1120 1117 amore
1159 1053 1344 1136 ejus3
1401 1076 1592 1119 amor
1628 1057 1811 1120 enim
1849 1065 1955 1120 est
2002 1057 2147 1119 vita
2183 1054 2499 1136 cujusvis,
2538 1064 2611 1117 et
2650 1053 2892 1136 qualis

624 1165 817 1209 amor
869 1147 1026 1212 talis
1080 1151 1245 1214 vita.
1334 1149 1437 1213 At
1499 1153 1827 1215 memoria
1882 1159 1989 1215 est
2045 1151 2252 1214 modo
2306 1149 2890 1232 promptuarium,

623 1259 715 1302 ex
762 1262 897 1324 quo
941 1243 1085 1306 vita
1130 1243 1427 1308 desumit
1473 1245 1656 1328 quod
1714 1247 1982 1326 cogitet
2036 1254 2108 1308 et
2176 1241 2514 1326 loquatur,
2561 1251 2635 1304 et
2704 1259 2893 1322 quae

623 1335 906 1398 inservit
941 1339 1127 1402 vitae
1173 1348 1246 1401 ut
1294 1339 1452 1402 inde
1499 1340 1855 1403 nutriatur.
1947 1337 2175 1420 Quare
2212 1339 2439 1401 dicere
2476 1335 2663 1418 quod
2706 1333 2893 1397 fides

619 1429 957 1510 producat
992 1431 1172 1495 bona
1208 1433 1384 1497 sieut
1421 1433 1623 1497 arbor
1663 1429 1935 1507 frustuS,
1978 1442 2086 1496 est
2125 1433 2352 1496 dicere
2384 1429 2565 1514 quod
2598 1430 2893 1510 cogita-

623 1523 724 1586 tio
770 1534 840 1587 et
889 1524 1159 1608 loquela
1218 1526 1511 1590 hominis
1558 1528 1893 1610 producat
1938 1527 2153 1590 vitam
2199 1525 2362 1606 ejus,
2401 1533 2475 1587 et
2542 1543 2685 1585 non
2729 1524 2887 1585 vita

617 1615 854 1696 ‘illam3
903 1639 1055 1682 cum
1089 1631 1322 1684 tamen
1357 1621 1540 1696 mali,
1571 1623 1779 1684 immo
1813 1621 2108 1704 pessimi,
2136 1628 2421 1702 possunt
2453 1617 2779 1698 cogitare
2815 1626 2893 1679 et

625 1709 810 1794 loqui
846 1734 1006 1776 vera
1053 1735 1144 1778 ex
1190 1717 1540 1790 memoria,
1583 1716 1704 1780 sed
1751 1735 1889 1778 non
1935 1715 2060 1778 nisi
2106 1732 2310 1797 quam
2359 1712 2517 1776 boni
2562 1731 2659 1774 ex
2709 1711 2891 1774 vita.

627 1803 750 1888 (5.)
816 1805 1020 1890 Quod
1059 1809 1208 1872 sola
1243 1807 1434 1884 fides,
1463 1829 1582 1873 seu
1619 1808 1789 1873 fides
1822 1817 2141 1892 separata
2176 1829 2217 1872 a
2248 1808 2446 1871 bonis
2483 1803 2663 1879 adiu,
2704 1825 2895 1886 quae

624 1911 784 1964 sunt
831 1902 1012 1966 bona
1057 1923 1286 1985 opera,
1327 1923 1464 1967 non
1503 1905 1590 1967 sit
1640 1903 1909 1978 dabilis,
1951 1911 2269 1966 constare
2309 1909 2543 1983 potest
2580 1918 2679 1962 ex
2724 1897 2897 1961 fidei
3002 1973 3008 1977 ¹

583 2081 588 2084 Ι
625 1998 946 2072 essentia,
975 2017 1148 2080 quae
1181 2007 1287 2061 est
1321 1997 1621 2061 charitas
1648 2019 1663 2075 ;
1714 2007 1784 2061 et
1814 1997 2117 2082 charitas
2148 2006 2255 2060 est
2282 1992 2548 2058 affthio
2577 1992 2895 2056 faciendi

623 2089 741 2153 illa
779 2111 950 2172 quae
989 2091 1142 2155 fidei
1177 2103 1338 2156 sunt
1369 2112 1384 2169 ;
1432 2114 1639 2175 quare
1671 2091 1838 2156 fides
1875 2092 2137 2174 absque
2174 2090 2514 2153 charitate
2543 2097 2657 2150 est
2700 2089 2895 2152 sicut

616 2185 963 2266 cogitatio
1002 2186 1258 2269 absqu'e
1304 2183 1683 2260 affeftione,
1724 2197 1794 2250 et
1843 2187 2180 2268 cogitatio
2218 2185 2475 2266 absque
2512 2179 2896 2246 affectione

615 2285 734 2342 'est
808 2279 994 2343 nulla
1059 2281 1417 2362 cogitati0,
1485 2281 1585 2344 ita
1650 2280 1818 2344 fides
1882 2281 2147 2362 absque
2214 2277 2589 2342 charitate:
2666 2296 2896 2358 quare

625 2373 852 2438 dicere
910 2373 1114 2438 fidem
1175 2374 1432 2457 absque
1498 2375 1839 2439 charitate
1910 2383 2017 2438 est
2077 2374 2303 2436 dicere
2370 2372 2895 2454 cogitationem

625 2467 881 2551 absque
907 2467 1284 2542 affectione,
1313 2480 1459 2533 tum
1486 2471 1700 2533 vitam
1726 2469 1983 2552 absque
2007 2469 2255 2541 anima,
2282 2468 2581 2530 existere
2609 2467 2894 2549 absque

626 2583 798 2637 esse,
838 2563 1121 2627 formam
1169 2564 1425 2647 absque
1470 2564 1829 2638 formante,
1872 2560 2274 2646 productum
2320 2560 2574 2642 absque
2613 2561 2894 2643 produ-

627 2668 849 2733 cente,
890 2668 961 2721 et
1000 2656 1312 2722 effectum
1351 2659 1606 2741 absque
1645 2677 1887 2734 causa;
1936 2678 2144 2740 quare
2190 2655 2355 2718 fides
2394 2655 2542 2718 sola
2576 2666 2695 2720 est
2741 2677 2893 2720 non

625 2772 788 2830 ens;
837 2763 907 2816 et
947 2773 1036 2816 ex
1077 2774 1212 2816 non
1251 2763 1414 2817 ente
1446 2754 1817 2835 producere
1850 2753 2030 2816 bona
2068 2749 2245 2826 actu,
2286 2771 2459 2834 quae
2496 2759 2661 2813 sunt
2698 2751 2899 2815 bona

625 2867 854 2928 opera,
889 2849 1063 2910 sicut
1097 2847 1276 2911 bona
1307 2849 1508 2911 arbor
1543 2845 1818 2922 fruEtuS,
1853 2858 1959 2910 est
1997 2843 2475 2920 contraditffio,
2514 2865 2602 2907 ex
2640 2865 2790 2928 qua
2826 2848 2897 2910 id

624 2942 807 3024 quod
867 2943 1162 3006 creditur
1221 2963 1372 3006 esse
1430 2943 1685 3025 aliquid
1745 2962 1880 3006 non
1950 2951 2057 3004 est
2120 2940 2393 3023 aliquid.
2498 2937 2621 3023 (6.)
2703 2939 2899 3024 Quia

623 3035 792 3100 fides
851 3038 1104 3120 absque
1163 3036 1504 3101 charitate
1539 3057 1703 3101 ·non
1742 3037 1965 3112 datur,
2018 3046 2089 3099 et
2145 3055 2355 3118 usque
2401 3036 2753 3116 cogitatio
2818 3049 2897 3100 et

626 3132 973 3212 persuasio
1019 3131 1200 3214 quod
1247 3133 1346 3195 ita
1391 3133 1501 3206 sit,
1551 3140 1838 3214 apparet
1886 3132 2060 3193 sicut
2108 3131 2198 3193 sit
2244 3129 2433 3200 fides,
2482 3137 2553 3192 et
2598 3149 2898 3213 quoque

623 3237 910 3289 vocatur
945 3225 1154 3303 fides;
1205 3228 1324 3290 sed
1365 3245 1501 3290 non
1538 3237 1645 3290 est
1685 3225 1853 3289 fides
1897 3224 2220 3300 salvifica,
2261 3242 2495 3286 verum
2540 3234 2652 3287 est
2704 3224 2891 3290 fides

609 3320 970 3395 historica,
1007 3323 1162 3403 quia
1199 3341 1292 3384 ex
1329 3321 1609 3385 alterius
1644 3340 1760 3384 ore
1792 3329 1941 3397 est3
1990 3319 2101 3402 qui
2138 3320 2319 3383 enim
2358 3317 2609 3402 aliquid
2656 3322 2897 3385 credit

625 3435 714 3478 ex
775 3415 932 3491 alio,
980 3435 1182 3499 quem
1243 3425 1441 3497 putat
1503 3415 1636 3479 fide
1700 3415 1982 3497 dignum
2030 3435 2202 3488 esse,
2250 3434 2330 3478 ac
2377 3414 2444 3476 id
2491 3414 2770 3496 recipit,
2824 3419 2897 3481 in

624 3511 951 3574 memoria
981 3509 1314 3585 recondit,
1351 3519 1422 3574 et
1455 3511 1612 3574 inde
1652 3510 1719 3573 id
1757 3510 2022 3590 cogitat
2059 3520 2130 3573 et
2168 3509 2487 3591 loquitur,
2522 3527 2651 3572 nec
2686 3511 2897 3576 videt

625 3623 786 3666 num
833 3604 1073 3668 falsum
1121 3605 1209 3668 sit
1256 3614 1375 3668 aut
1412 3623 1670 3678 verum,
1710 3605 1766 3667 is
1804 3604 2109 3686 possidet
2147 3603 2214 3667 id
2255 3622 2392 3665 non
2427 3602 2627 3666 valiter
2668 3625 2893 3687 quam

624 3702 800 3763 sicut
835 3700 1273 3777 historicum;
1322 3700 1377 3762 si
1414 3707 1647 3762 autem
1680 3699 1746 3762 id
1780 3695 2137 3761 confirmat
2170 3697 2350 3780 apud
2382 3716 2478 3772 se,
2505 3717 2625 3779 per
2660 3718 2895 3782 appa-

627 3795 883 3859 rentias
920 3815 1010 3856 ex
1051 3793 1308 3868 Verb0,
1347 3802 1419 3857 et
1459 3813 1580 3876 per
1614 3793 1992 3868 ratiocinia,
2032 3791 2108 3855 fit
2148 3793 2209 3854 ei
2246 3813 2339 3857 ex
2376 3790 2508 3854 fide
2546 3791 2899 3859 historica

623 3887 792 3951 fides
832 3889 1240 3969 persuasiva,
1281 3908 1453 3970 quae
1492 3886 1661 3951 fides
1706 3897 1813 3951 est
1860 3887 2095 3950 similis
2131 3887 2304 3950 visui
2341 3884 2657 3962 nonnae,
2704 3908 2897 3971 quae

627 3979 895 4064 objecta
926 3984 993 4044 in
1027 3983 1326 4046 tenebris
1357 3983 1568 4058 videt,
1603 3991 1675 4046 et
1710 3981 1895 4050 nulla
1926 3983 1993 4043 in
2028 3981 2197 4044 luce.
2288 3979 2478 4044 Talis
2510 3980 2685 4044 fides
2723 4004 2894 4065 per·

627 4079 896 4140 suasiva
939 4078 1181 4140 existit
1242 4098 1332 4140 ex
1391 4079 1577 4140 omni
1621 4075 2139 4139 confirmatione
2185 4074 2371 4139 salsi:
2436 4093 2638 4138 omne
2692 4081 2891 4142 enim

625 4170 867 4234 falsum
899 4181 1134 4255 potest
1173 4171 1554 4235 confirmari
1585 4191 1796 4254 usque
1828 4181 1902 4234 ut
1936 4180 2264 4253 appareat
2296 4171 2474 4234 sicut
2505 4191 2775 4244 verum.
2814 4186 2893 4240 et

609 4264 868 4350 ‚falsum
914 4265 1391 4330 confirmatum
1447 4266 1630 4330 lucet
1678 4265 1930 4328 lumine
1976 4265 2184 4329 fatu0.
2276 4263 2389 4327 Ex
2450 4264 2553 4328 his
2598 4285 2893 4352 quoque

621 4369 820 4443 patet
841 4360 1022 4444 quod
1051 4361 1207 4424 talis
1232 4360 1400 4424 fides
1427 4380 1550 4424 nec
1573 4360 1945 4443 producere
1968 4359 2184 4442 possit
2206 4359 2405 4423 bona.
2498 4356 2621 4442 (7.)
2694 4359 2892 4444 Quia

623 4453 791 4518 fides
825 4457 1204 4537 cogitativa
1237 4475 1373 4519 non
1404 4454 1586 4518 aliud
1620 4463 1729 4519 est
1762 4474 1965 4537 quam
2004 4452 2171 4516 fides
2200 4453 2529 4517 historica
2558 4465 2683 4517 aut
2720 4476 2887 4538 per-

625 4551 914 4626 suasiva,
955 4551 1258 4632 sequitur
1296 4549 1478 4633 quod
1516 4550 1604 4613 sit
1645 4547 1811 4613 fides
1850 4568 2034 4612 mere
2072 4546 2438 4612 naturalis:
2486 4545 2659 4612 fides
2693 4553 2897 4616 enim

627 4644 997 4728 spiritualis
1035 4644 1431 4728 producitur
1467 4663 1556 4709 ex
1603 4663 1835 4708 amore
1882 4641 2213 4728 spirituali
2250 4645 2361 4726 qui
2400 4651 2506 4706 est
2545 4641 2893 4722 charitaS,
